
@INPROCEEDINGS{toolchain,
   author={Xavier, Midhun and Patil, Sandeep and Vyatkin, Valeriy},
  booktitle={2021 IEEE 19th International Conference on Industrial Informatics (INDIN)}, 
  title={Cyber-physical automation systems modelling with {IEC} 61499 for their formal verification}, 
  year={2021},
  volume={},
  number={},
  pages={1-6},
  doi={10.1109/INDIN45523.2021.9557416}
}

@inproceedings{nusmv,
  title={{NuSMV} 2: An {OpenSource} tool for symbolic model checking},
  author={Cimatti, Alessandro and Clarke, Edmund and Giunchiglia, Enrico and Giunchiglia, Fausto and Pistore, Marco and Roveri, Marco and Sebastiani, Roberto and Tacchella, Armando},
  booktitle={International Conference on Computer Aided Verification (CAV)},
  pages={359--364},
  year={2002},
  organization={Springer}
}

@inproceedings{clarke2000,
  title={Counterexample-guided abstraction refinement},
  author={Clarke, Edmund and Grumberg, Orna and Jha, Somesh and Lu, Yuan and Veith, Helmut},
  booktitle={International Conference on Computer Aided Verification},
  pages={154--169},
  year={2000},
  organization={Springer},
  doi={10.1007/10722167\_15}
}
@article{burch1992symbolic,
  title={Symbolic model checking: $10^{20}$ states and beyond},
  author={Burch, Jerry R and Clarke, Edmund M and McMillan, Kenneth L and Dill, David L and Hwang, Lain-Jinn},
  journal={Information and computation},
  volume={98},
  number={2},
  pages={142--170},
  year={1992},
  publisher={Elsevier}
}
@article{biere2003bounded,
  title={Bounded model checking},
  author={Biere, Armin and Cimatti, Alessandro and Clarke, Edmund M and Strichman, Ofer and Zhu, Yunshan},
  year={2003},
  publisher={Carnegie Mellon University}
}
@book{clarke1999,
  title={Model checking},
  author={Clarke, Edmund M and Grumberg, Orna and Peled, Doron},
  year={1999},
  publisher={MIT press, Cambridge, Massachusetts}
}

@ARTICLE{agnostic,
    author="Drozdov, Dmitrii
and Patil, Sandeep
and Vyatkin, Valeriy",
editor="Borangiu, Theodor
and Trentesaux, Damien
and Thomas, Andr{\'e}
and Leit{\~a}o, Paulo
and Oliveira, Jos{\'e} Barata ",
title="Formal Modelling of Distributed Automation CPS with CP-Agnostic Software",
booktitle="Service Orientation in Holonic and Multi-Agent Manufacturing ",
year="2017",
publisher="Springer International Publishing",
address="Cham",
pages="35--46",
isbn="978-3-319-51100-9"
}

@INPROCEEDINGS{agn_case_study,
  author={Drozdov, Dmitrii and Patil, Sandeep and Dubinin, Victor and Vyatkin, Valeriy},
  booktitle={IECON 2017 - 43rd Annual Conference of the IEEE Industrial Electronics Society}, 
  title={Towards formal verification for cyber-physically agnostic software: A case study}, 
  year={2017},
  volume={},
  number={},
  pages={5509-5514},
  doi={10.1109/IECON.2017.8216953}
}
@online{drozdov2015fb2smv,
  title={{FB2SMV}: {IEC} 61499 Function blocks XML code to SMV converter},
  year={2021},
  url = {https://github.com/dmitrydrozdov/fb2smv},
  urldate = {2021-03-21}
}
@misc{fbme,
  title={JetBrains/fbme}, 
  url={https://github.com/JetBrains/fbme}, 
  journal={GitHub}, 
  author={JetBrains}, 
  year={2020},
  langid={english}
}
@book{tiegelkamp1995iec,
  title={{IEC} 61131-3: Programming industrial automation systems},
  author={Tiegelkamp, Michael and John, Karl-Heinz},
  year={1995},
  publisher={Springer},
  langid={english}
}

@ARTICLE{refbib1,
  author    = {C. T. Rim and D. Y. Hu and G. H. Cho},
  title     = {Transformers as Equivalent Circuits for Switches: General Proof and D-Q Transformation-Based Analysis},
  journal   = {IEEE Transactions on Industry Applications},
  volume    = 26,
  number    = 4,
  pages     = {832-840},
  month     = {July/August},
  year      = 1990,
}

@ARTICLE{refbib2,
  author    = {E. A. Vendruscolo and J. A. Pomilio},
  title     = {Motores de Indução Acionados por Inversores PWM-VSI: Estratégias para Atenuação de Sobretensões},
  journal   = {Eletrônica de Potência - SOBRAEP},
  volume    = 8,
  number    = 1,
  pages     = {49-56},
  month     = {Junho},
  year      = 2003,
}

@INPROCEEDINGS{refbib3,
  author    = "S. A. González and M. I. Valla and C. H. Muravchik",
  title     = "A Phase Modulated DGPS Transmitter Implemented with a CMRC",
  booktitle = "Proceedings of COBEP",
  volume    = 2,
  pages     = "553-558",
  year      = "2001"
}

@BOOK{refbib4,
  author    = {N. Mohan and T. M. Undeland and W. P. Robbins},
  title     = {Power Electronics: converters, applications, and design},
  publisher = {John Wiley \& Sons, Inc.},
  edition   = {2nd},
  address   = {New York, N.Y.},
  year      = {1995},
}

@misc{refbib5,
  author    = {T. A. Lipo and M. D. Manjrekar},
  title     = {Hybrid Topology for Multilevel Power Conversion},
  year      = {1999},
  month     =  "21~" # dec,
  note      = "{US} Patent 6 005 788",
}

@techreport{refbib6,
  author       = "\",
  title        = "IEEE Recommended Practices and Requirements for Harmonic Control in Electrical Power Systems",
  institution  = "IEEE Std. 519-1992",
  year         = "1993",
}

@misc{refbib7,
  author    = "{SW Technologies}",
  title     = "{SWDV Converter}",
  year      = "2001",
  url       = {www.sw.com.br},
  howpublished = "Online",
}

@phdthesis{refbib8,
  author    = {I. Barbi},
  title     = {Etude de Onduleurs Autoadaptifs Destines a la Alimentation de Machines Assynchrones},
  school    = {Institut National Polytechnique de Toulouse},
  year      = 1979,
  address   = {Toulouse, França},
}

%%%%%%%% LITERATURE REVIEW %%%%%%%%%

@inproceedings{1falcone2022runtime,
  title={Runtime Enforcement for {IEC} 61499 Applications},
  author={Falcone, Yli{\`e}s and Faqrizal, Irman and Sala{\""u}n, Gwen},
  booktitle={Software Engineering and Formal Methods: 20th International Conference, SEFM 2022, Berlin, Germany, September 26--30, 2022, Proceedings},
  pages={352--368},
  year={2022},
  organization={Springer}
}
@inproceedings{2zoitl2013developing,
  title={Developing a monitoring infrastructure for {IEC} 61499 devices},
  author={Zoitl, Alois and Ebenhofer, Gerhard and Hofmann, Michael},
  booktitle={2013 IEEE 18th Conference on Emerging Technologies \& Factory Automation (ETFA)},
  pages={1--6},
  year={2013},
  organization={IEEE}
}
@inproceedings{3do2020towards,
  title={Towards time-sensitive behavioral contract monitors for {IEC} 61499 function blocks},
  author={Do Tran, Duc and Walter, J{\""o}rg and Gr{\""u}ttner, Kim and Oppenheimer, Frank},
  booktitle={2020 IEEE Conference on Industrial Cyberphysical Systems (ICPS)},
  volume={1},
  pages={27--34},
  year={2020},
  organization={IEEE}
}
@INPROCEEDINGS{4wenger15behavior,
  author={M. {Wenger} and A. {Zoitl} and J. O. {Blech}},
  booktitle={2015 IEEE 20th Conference on Emerging Technologies   Factory Automation (ETFA)}, 
  title={Behavioral type-based monitoring for {IEC} 61499}, 
  year={2015},
  volume={},
  number={},
  pages={1-8},
  doi={10.1109/ETFA.2015.7301447}}
@INPROCEEDINGS{5bhatti2011observers,
  author={Z. E. {Bhatti} and R. {Sinha} and P. S. {Roop}},
  booktitle={2011 9th IEEE International Conference on Industrial Informatics}, 
  title={Observer based verification of {IEC} 61499 function blocks}, 
  year={2011},
  volume={},
  number={},
  pages={609-614},
  doi={10.1109/INDIN.2011.6034948}}
@INPROCEEDINGS{6blech16smallreview,
  author={J. O. {Blech} and P. {Lindgren} and D. {Pereira} and V. {Vyatkin} and A. {Zoitl}},
  booktitle={2016 IEEE 21st International Conference on Emerging Technologies and Factory Automation (ETFA)}, 
  title={A Comparison of Formal Verification Approaches for {IEC} 61499}, 
  year={2016},
  volume={},
  number={},
  pages={1-4},
  doi={10.1109/ETFA.2016.7733636}}
@article{7sinha2019survey,
  title={A survey of static formal methods for building dependable industrial automation systems},
  author={Sinha, Roopak and Patil, Sandeep and Gomes, Luis and Vyatkin, Valeriy},
  journal={IEEE Transactions on Industrial Informatics},
  volume={15},
  number={7},
  pages={3772--3783},
  year={2019},
  publisher={IEEE}
}
@inproceedings{8ng2019contract,
  title={Contract-based hierarchical resilience framework for cyber-physical systems: demo abstract},
  author={Ng, Daniel Jun Xian and Easwaran, Arvind and Andalam, Sidharta},
  booktitle={Proceedings of the 10th ACM/IEEE International Conference on Cyber-Physical Systems},
  pages={324--325},
  year={2019}
}
@inproceedings{9wiesmayr2022supporting,
  title={Supporting a model-driven development process for distributed control software},
  author={Wiesmayr, Bianca and Prenzel, Laurin and Zoitl, Alois and Steinhorst, Sebastian},
  booktitle={Proceedings 2022 27th IEEE International Conference on Emerging Technologies and Factory Automation (ETFA)},
  year={2022}
}
@inproceedings{10leitao2020fault,
  title={Fault handling in discrete event systems applied to {IEC} 61499},
  author={Leit{\~a}o, Herbert AS and Rosso, Roberto SU and Leal, Andr{\'e} B and Zoitl, Alois},
  booktitle={2020 25th ieee international conference on emerging technologies and factory automation (etfa)},
  volume={1},
  pages={1039--1042},
  year={2020},
  organization={IEEE}
}
@inproceedings{11lindgren2016contract,
  title={Contract based verification of {IEC} 61499},
  author={Lindgren, Per and Lindner, Marcus and Pereira, David and Pinho, Lu{\'\i}s Miguel},
  booktitle={2016 IEEE 14th International Conference on Industrial Informatics (INDIN)},
  pages={132--141},
  year={2016},
  organization={IEEE}
}
@article{12yoong2010verifying,
  title={Verifying {IEC} 61499 function blocks using Esterel},
  author={Yoong, Li Hsien and Roop, Partha S},
  journal={IEEE Embedded systems letters},
  volume={2},
  number={1},
  pages={1--4},
  year={2010},
  publisher={IEEE}
}
@article{13yoong2015verification,
  title={Verification of function blocks},
  author={Yoong, Li Hsien and Roop, Partha S and Bhatti, Zeeshan E and Kuo, Matthew MY and Yoong, Li Hsien and Roop, Partha S and Bhatti, Zeeshan E and Kuo, Matthew MY},
  journal={Model-Driven Design Using {IEC} 61499: A Synchronous Approach for Embedded and Automation Systems},
  pages={123--136},
  year={2015},
  publisher={Springer}
}
@inproceedings{14bhatti2011observer,
  title={Observer based verification of {IEC} 61499 function blocks},
  author={Bhatti, Zeeshan E and Sinha, Roopak and Roop, Partha S},
  booktitle={2011 9th IEEE International Conference on Industrial Informatics},
  pages={609--614},
  year={2011},
  organization={IEEE}
}
@inproceedings{15blech2016comparison,
  title={A comparison of formal verification approaches for {IEC} 61499},
  author={Blech, Jan Olaf and Lindgren, Per and Pereira, David and Vyatkin, Valeriy and Zoitl, Alois},
  booktitle={2016 IEEE 21st International Conference on Emerging Technologies and Factory Automation (ETFA)},
  pages={1--4},
  year={2016},
  organization={IEEE}
}
@inproceedings{16jhunjhunwala2021design,
  title={A Design Pattern for Monitoring Adapter Connections in {IEC} 61499},
  author={Jhunjhunwala, Pranay and Blech, Jan Olaf and Zoitl, Alois and Atmojo, Udayanto Dwi and Vyatkin, Valeriy},
  booktitle={2021 22nd IEEE International Conference on Industrial Technology (ICIT)},
  volume={1},
  pages={967--972},
  year={2021},
  organization={IEEE}
}
@inproceedings{17jhunjhunwala2022monitoring,
  title={Monitoring design pattern for distributed automation systems in {IEC} 61499 and its formal modelling},
  author={Jhunjhunwala, Pranay and Zoitl, Alois and Atmojo, Udayanto Dwi and Vyatkin, Valeriy},
  booktitle={2022 IEEE 31st International Symposium on Industrial Electronics (ISIE)},
  pages={220--225},
  year={2022},
  organization={IEEE}
}

%  article{article,
%  author  = {Peter Adams},
%  title   = {The title of the work},
%  journal = {The name of the journal},
%  year    = 1993,
%  number  = 2,
%  pages   = {201-213},
%  month   = 7,
%  note    = {An optional note},
%  volume  = 4
%}
%
%  book{book,
%  author    = {Peter Babington},
%  title     = {The title of the work},
%  publisher = {The name of the publisher},
%  year      = 1993,
%  volume    = 4,
%  series    = 10,
%  address   = {The address},
%  edition   = 3,
%  month     = 7,
%  note      = {An optional note},
%  isbn      = {3257227892}
%}
%
%  booklet{booklet,
%  title        = {The title of the work},
%  author       = {Peter Caxton},
%  howpublished = {How it was published},
%  address      = {The address of the publisher},
%  month        = 7,
%  year         = 1993,
%  note         = {An optional note}
%}
%
%  conference{conference,
%  author       = {Peter Draper},
%  title        = {The title of the work},
%  booktitle    = {The title of the book},
%  year         = 1993,
%  editor       = {The editor},
%  volume       = 4,
%  series       = 5,
%  pages        = 213,
%  address      = {The address of the publisher},
%  month        = 7,
%  organization = {The organization},
%  publisher    = {The publisher},
%  note         = {An optional note}
%}
%
%  inbook{inbook,
%  author       = {Peter Eston},
%  title        = {The title of the work},
%  chapter      = 8,
%  pages        = {201-213},
%  publisher    = {The name of the publisher},
%  year         = 1993,
%  volume       = 4,
%  series       = 5,
%  address      = {The address of the publisher},
%  edition      = 3,
%  month        = 7,
%  note         = {An optional note}
%}
%
%  incollection{incollection,
%  author       = {Peter Farindon},
%  title        = {The title of the work},
%  booktitle    = {The title of the book},
%  publisher    = {The name of the publisher},
%  year         = 1993,
%  editor       = {The editor},
%  volume       = 4,
%  series       = 5,
%  chapter      = 8,
%  pages        = {201-213},
%  address      = {The address of the publisher},
%  edition      = 3,
%  month        = 7,
%  note         = {An optional note}
%}
%  manual{manual,
%  title        = {The title of the work},
%  author       = {Peter Gainsford},
%  organization = {The organization},
%  address      = {The address of the publisher},
%  edition      = 3,
%  month        = 7,
%  year         = 1993,
%  note         = {An optional note}
%}
%
%  mastersthesis{mastersthesis,
%  author       = {Peter Harwood},
%  title        = {The title of the work},
%  school       = {The school where the thesis was written},
%  year         = 1993,
%  address      = {The address of the publisher},
%  month        = 7,
%  note         = {An optional note}
%}
%
%  misc{misc,
%  author       = {Peter Isley},
%  title        = {The title of the work},
%  howpublished = {How it was published},
%  month        = 7,
%  year         = 1993,
%  note         = {An optional note}
%}
%
%  phdthesis{phdthesis,
%  author       = {Peter Joslin},
%  title        = {The title of the work},
%  school       = {The school where the thesis was written},
%  year         = 1993,
%  address      = {The address of the publisher},
%  month        = 7,
%  note         = {An optional note}
%}
%
%  proceedings{proceedings,
%  title        = {The title of the work},
%  year         = 1993,
%  editor       = {Peter Kidwelly},
%  volume       = 4,
%  series       = 5,
%  address      = {The address of the publisher},
%  month        = 7,
%  organization = {The organization},
%  publisher    = {The name of the publisher},
%  note         = {An optional note}
%}
%
%  techreport{techreport,
%  author       = {Peter Lambert},
%  title        = {The title of the work},
%  institution  = {The institution that published},
%  year         = 1993,
%  number       = 2,
%  address      = {The address of the publisher},
%  month        = 7,
%  note         = {An optional note}
%}
%
%  unpublished{unpublished,
%  author       = {Peter Marcheford},
%  title        = {The title of the work},
%  note         = {An optional note},
%  month        = 7,
%  year         = 1993
%}
