@inproceedings{jazdi2014cyber,
  title={Cyber physical systems in the context of Industry 4.0},
  author={Jazdi, Nasser},
  booktitle={2014 IEEE international conference on automation, quality and testing, robotics},
  pages={1--4},
  year={2014},
  organization={IEEE}
}

@Misc{iec61499part12012,
  title     = {{IEC} 61499-1: Function Blocks Part 1: Architecture},
  year      = {2012},
  edition   = {2},
  publisher = {International Electrotechnical Commission, Geneva, Switzerland},
}

@article{dai2012redesign,
  title={Redesign distributed PLC control systems using {IEC} 61499 function blocks},
  author={Dai, Wenbin and Vyatkin, Valeriy},
  journal={IEEE Transactions on Automation Science and Engineering},
  volume={9},
  number={2},
  pages={390--401},
  year={2012},
  publisher={IEEE}
}

@inproceedings{wenger2015behavioral,
  title={Behavioral type-based monitoring for {IEC} 61499},
  author={Wenger, Monika and Zoitl, Alois and Blech, Jan Olaf},
  booktitle={2015 IEEE 20th Conference on Emerging Technologies \& Factory Automation (ETFA)},
  pages={1--8},
  year={2015},
  organization={IEEE}
}

@inproceedings{xavier2021plant,
  title={Plant Model Generator from Digital Twin for Purpose of Formal Verification},
  author={Xavier, Midhun and H{\aa}kansson, Johannes and Patil, Sandeep and Vyatkin, Valeriy},
  booktitle={2021 26th IEEE International Conference on Emerging Technologies and Factory Automation (ETFA)},
  pages={1--4},
  year={2021},
  organization={IEEE}
}

@inproceedings{patil2015formal,
  title={Formal Verification of {IEC}61499 Function Blocks with Abstract State Machines and SMV--Modelling},
  author={Patil, Sandeep and Dubinin, Victor and Vyatkin, Valeriy},
  booktitle={2015 IEEE Trustcom/BigDataSE/ISPA},
  volume={3},
  pages={313--320},
  year={2015},
  organization={IEEE}
}

  @article{van2012process1,
  title={Process mining: Overview and opportunities},
  author={Van Der Aalst, Wil},
  journal={ACM Transactions on Management Information Systems (TMIS)},
  volume={3},
  number={2},
  pages={1--17},
  year={2012},
  publisher={ACM New York, NY, USA}
}


@inproceedings{van2005prom,
  title={The ProM framework: A new era in process mining tool support},
  author={Van Dongen, Boudewijn F and de Medeiros, Ana Karla A and Verbeek, HMW and Weijters, AJMM and van Der Aalst, Wil MP},
  booktitle={International conference on application and theory of petri nets},
  pages={444--454},
  year={2005},
  organization={Springer}
}

@article{gunther2012disco,
  title={Disco: Discover Your Processes.},
  author={G{\"u}nther, Christian W and Rozinat, Anne},
  journal={BPM (Demos)},
  volume={940},
  number={1},
  pages={40--44},
  year={2012},
  publisher={Citeseer}
}


@misc{ProM,
  title = {ProM},
  howpublished = {\url{https://www.promtools.org/}},
  note = {Last accessed on 10th March 2024}
}

@article{van2004workflow,
  title={Workflow mining: Discovering process models from event logs},
  author={Van der Aalst, Wil and Weijters, Ton and Maruster, Laura},
  journal={IEEE transactions on knowledge and data engineering},
  volume={16},
  number={9},
  pages={1128--1142},
  year={2004},
  publisher={IEEE}
}

@article{petri1962,
  title={Kommunikation mit automaten},
  author={Petri, Carl Adam},
  year={1962}
}

@inproceedings{xavier2021cyber,
  title={Cyber-physical automation systems modelling with {IEC} 61499 for their formal verification},
  author={Xavier, Midhun and Patil, Sandeep and Vyatkin, Valeriy},
  booktitle={2021 IEEE 19th International Conference on Industrial Informatics (INDIN)},
  pages={1--6},
  year={2021},
  organization={IEEE}
}

@online{fb2smv,
title = {fb2smv model generator},
url = {https://github.com/dmitrydrozdov/fb2smv}
}

@inproceedings{cimatti2002nusmv,
  title={Nusmv 2: An opensource tool for symbolic model checking},
  author={Cimatti, Alessandro and Clarke, Edmund and Giunchiglia, Enrico and Giunchiglia, Fausto and Pistore, Marco and Roveri, Marco and Sebastiani, Roberto and Tacchella, Armando},
  booktitle={International conference on computer aided verification},
  pages={359--364},
  year={2002},
  organization={Springer}
}

@article{berthomieu2004tool,
  title={The tool TINA--construction of abstract state spaces for Petri nets and time Petri nets},
  author={Berthomieu, Bernard and Ribet, P-O and Vernadat, Fran{\c{c}}ois},
  journal={International journal of production research},
  volume={42},
  number={14},
  pages={2741--2756},
  year={2004},
  publisher={Taylor \& Francis}
}

@misc{GraphMLSpec,
  title = {GraphML},
  howpublished = {\url{http://graphml.graphdrawing.org/specification/dtd.html}},
  note = {Last accessed on 11th January 2024}
}


@inproceedings{bastian2009gephi,
  title={Gephi: an open source software for exploring and manipulating networks},
  author={Bastian, Mathieu and Heymann, Sebastien and Jacomy, Mathieu},
  booktitle={Proceedings of the international AAAI conference on web and social media},
  volume={3},
  number={1},
  pages={361--362},
  year={2009}
}
@incollection{wiese2004yfiles,
  title={yfilesâ€”visualization and automatic layout of graphs},
  author={Wiese, Roland and Eiglsperger, Markus and Kaufmann, Michael},
  booktitle={Graph Drawing Software},
  pages={173--191},
  year={2004},
  publisher={Springer}
}

@misc{yworks,
  title = {yWorks},
  howpublished = {\url{https://www.yworks.com/}},
  note = {Last accessed on 15th January 2024}
}


@misc{rodger2015jflap,
  title = {JFLAP},
  author = {Rodger, Susan and Finley, T},
  year = {2015},
  note = {Last accessed on 20th January 2024}
}



@article{cook1998discovering,
  title={Discovering models of software processes from event-based data},
  author={Cook, Jonathan E and Wolf, Alexander L},
  journal={ACM Transactions on Software Engineering and Methodology (TOSEM)},
  volume={7},
  number={3},
  pages={215--249},
  year={1998},
  publisher={ACM New York, NY, USA}
}

@inproceedings{agrawal1998mining,
  title={Mining process models from workflow logs},
  author={Agrawal, Rakesh and Gunopulos, Dimitrios and Leymann, Frank},
  booktitle={International Conference on Extending Database Technology},
  pages={467--483},
  year={1998},
  organization={Springer}
}

@article{sinha2019survey,
  title={A survey of static formal methods for building dependable industrial automation systems},
  author={Sinha, Roopak and Patil, Sandeep and Gomes, Luis and Vyatkin, Valeriy},
  journal={IEEE Transactions on Industrial Informatics},
  volume={15},
  number={7},
  pages={3772--3783},
  year={2019},
  publisher={IEEE}
}

@incollection{van2013discovering,
  title={Discovering petri nets from event logs},
  author={Van Der Aalst, Wil MP and Dongen, Boudewijn F van},
  booktitle={Transactions on Petri nets and other models of concurrency vii},
  pages={372--422},
  year={2013},
  publisher={Springer}
}

@incollection{yoong2015verification,
  title={Verification of Function Blocks},
  author={Yoong, Li Hsien and Roop, Partha S and Bhatti, Zeeshan E and Kuo, Matthew MY},
  booktitle={Model-Driven Design Using {IEC} 61499},
  pages={123--136},
  year={2015},
  publisher={Springer}
  }
  
  @article{dai2017discrete,
  title={Discrete-event-based deterministic execution semantics with timestamps for industrial cyber-physical systems},
  author={Dai, Wenbin and Pang, Cheng and Vyatkin, Valeriy and Christensen, James H and Guan, Xinping},
  journal={IEEE Transactions on Systems, Man, and Cybernetics: Systems},
  volume={50},
  number={3},
  pages={851--862},
  year={2017},
  publisher={IEEE}
}

@book{rodger2006jflap,
  title={JFLAP: an interactive formal languages and automata package},
  author={Rodger, Susan H and Finley, Thomas W},
  year={2006},
  publisher={Jones \& Bartlett Learning}
}

@inproceedings{rodger2009increasing,
  title={Increasing engagement in automata theory with JFLAP},
  author={Rodger, Susan H and Wiebe, Eric and Lee, Kyung Min and Morgan, Chris and Omar, Kareem and Su, Jonathan},
  booktitle={Proceedings of the 40th ACM technical symposium on Computer science education},
  pages={403--407},
  year={2009}
}

@misc{holobloc,
  title = {Holobloc},
  howpublished = {\url{https://holobloc.com/}},
  note = {Last accessed on 5th March 2024}
}


@inproceedings{xavier2022interactive,
  title={An interactive learning approach on digital twin for deriving the controller logic in {IEC} 61499 standard},
  author={Xavier, Midhun and Dubinin, Victor and Patil, Sandeep and Vyatkin, Valeriy},
  booktitle={27th International Conference on Emerging Technologies and Factory Automation (ETFA 2022), Stuttgart, Germany, September 6-9, 2022},
  year={2022},
  organization={IEEE}
}

@article{xavier2022plant,
  title={Plant model generation from event log using ProM for formal verification of CPS},
  author={Xavier, Midhun and Dubinin, Victor and Patil, Sandeep and Vyatkin, Valeriy},
  journal={arXiv preprint arXiv:2211.03681},
  year={2022}
}

@inproceedings{xavier2022process,
  title={Process mining in industrial control systems},
  author={Xavier, Midhun and Dubinin, Victor and Patil, Sandeep and Vyatkin, Valeriy},
  booktitle={2022 IEEE 20th International Conference on Industrial Informatics (INDIN)},
  pages={1--6},
  year={2022},
  organization={IEEE}
}

@misc{prom6tutorial,
  title = {{ProM} 6.0 Tutorial},
  author = {Verbeek, H.M.W. (Eric) and Jagadeesh Chandra Bose, R.P.},
  howpublished = {\url{http://www.promtools.org/prom6/downloads/prom-6.0-tutorial.pdf}},
  year = {2010},
  note = {Last accessed on 7th March 2024}
}


@book{lewis2001modelling,
  title={Modelling control systems using {IEC} 61499: Applying function blocks to distributed systems},
  author={Lewis, Robert},
  number={59},
  year={2001},
  publisher={Iet}
}

@inproceedings{frey2006modeling,
  title={Modeling techniques for distributed control systems based on the {IEC} 61499 standard-current approaches and open problems},
  author={Frey, Georg and Hussain, Tanvir},
  booktitle={2006 8th International Workshop on Discrete Event Systems},
  pages={176--181},
  year={2006},
  organization={IEEE}
}

article{santos2021simulation,
  title={Simulation and Control of a Cyber-Physical System under {IEC} 61499 Standard},
  author={Santos, Adriano A and da Silva, Ant{\'o}nio Ferreira},
  journal={Procedia Manufacturing},
  volume={55},
  pages={72--79},
  year={2021},
  publisher={Elsevier}
}

@inproceedings{hegny2010iec,
  title={{IEC} 61499 based simulation framework for model-driven production systems development},
  author={Hegny, Ingo and Wenger, Monika and Zoitl, Alois},
  booktitle={2010 IEEE 15th Conference on Emerging Technologies \& Factory Automation (ETFA 2010)},
  pages={1--8},
  year={2010},
  organization={IEEE}
}
@inproceedings{do2020towards,
  title={Towards time-sensitive behavioral contract monitors for {IEC} 61499 function blocks},
  author={Do Tran, Duc and Walter, J{\"o}rg and Gr{\"u}ttner, Kim and Oppenheimer, Frank},
  booktitle={2020 IEEE Conference on Industrial Cyberphysical Systems (ICPS)},
  volume={1},
  pages={27--34},
  year={2020},
  organization={IEEE}
}

@inproceedings{blech2016comparison,
  title={A comparison of formal verification approaches for {IEC} 61499},
  author={Blech, Jan Olaf and Lindgren, Per and Pereira, David and Vyatkin, Valeriy and Zoitl, Alois},
  booktitle={2016 IEEE 21st International Conference on Emerging Technologies and Factory Automation (ETFA)},
  pages={1--4},
  year={2016},
  organization={IEEE}
}



@inproceedings{cengic2006formal,
  title={Formal modeling of function block applications running in {IEC} 61499 execution runtime},
  author={Cengic, Goran and Ljungkrantz, Oscar and Akesson, Knut},
  booktitle={2006 IEEE Conference on Emerging Technologies and Factory Automation},
  pages={1269--1276},
  year={2006},
  organization={IEEE}
}

@article{hanisch2009one,
  title={One decade of {IEC} 61499 modeling and verification-results and open issues},
  author={Hanisch, Hans-Michael and Hirsch, Martin and Missal, Dirk and Preu{\ss}e, Sebastian and Gerber, Christian},
  journal={IFAC Proceedings Volumes},
  volume={42},
  number={4},
  pages={211--216},
  year={2009},
  publisher={Elsevier}
}

@article{wimmel1997bdd,
  title={A BDD-based Model Checker for the PEP Tool},
  author={Wimmel, Guido},
  journal={Major Individual Project Report, Dept},
  year={1997},
  publisher={Citeseer}
}

@book{christensen2000design,
author = {Christensen, James H},
booktitle = {{\{}Verteilte Automatisierung-Modelle und Methoden f{\{}$\backslash$"u{\}}r Entwurf, Verifikation, Engineering und Instrumentierung}},
pages = {63--71},
publisher = {Otto-von-Guericke-Universitaet},
title = {{Design patterns for systems engineering with {IEC} 61499}},
year = {2000}
}

@article{drozdov2021formal,
  title={A formal model of {IEC} 61499-based industrial automation architecture supporting time-aware computations},
  author={Drozdov, Dmitrii and Dubinin, Victor and Patil, Sandeep and Vyatkin, Valeriy},
  journal={IEEE Open Journal of the Industrial Electronics Society},
  volume={2},
  pages={169--183},
  year={2021},
  publisher={IEEE}
}

@inproceedings{hegny2012towards,
  title={Towards an increased reusability of distributed control applications modeled in {IEC} 61499},
  author={Hegny, Ingo and Strasser, Thomas and Melik-Merkumians, Martin and Wenger, Monika and Zoitl, Alois},
  booktitle={Proceedings of 2012 IEEE 17th International Conference on Emerging Technologies \& Factory Automation (ETFA 2012)},
  pages={1--8},
  year={2012},
  organization={IEEE}
}

@inproceedings{sunder2006usability,
  title={Usability and Interoperability of {IEC} 61499 based distributed automation systems},
  author={Sunder, Christoph and Zoitl, Alois and Christensen, James H and Vyatkin, Valeriy and Brennan, Robert W and Valentini, Antonio and Ferrarini, Luca and Strasser, Thomas and Martinez-Lastra, Jose L and Auinger, Franz},
  booktitle={2006 4th IEEE International Conference on Industrial Informatics},
  pages={31--37},
  year={2006},
  organization={IEEE}
}

@article{thramboulidis2013iec,
  title={{IEC} 61499 as an Enabler of Distributed and Intelligent Automation: A State-of-the-Art Reviewâ€”A Different View},
  author={Thramboulidis, Kleanthis and others},
  journal={Journal of Engineering},
  volume={2013},
  year={2013},
  publisher={Hindawi}
}

@article{dai2015bridging,
  title={Bridging service-oriented architecture and {IEC} 61499 for flexibility and interoperability},
  author={Dai, Wenbin and Vyatkin, Valeriy and Christensen, James H and Dubinin, Victor N},
  journal={IEEE Transactions on Industrial Informatics},
  volume={11},
  number={3},
  pages={771--781},
  year={2015},
  publisher={IEEE}
}

@article{vyatkin2009iec,
  title={The {IEC} 61499 standard and its semantics},
  author={Vyatkin, Valeriy},
  journal={IEEE Industrial Electronics Magazine},
  volume={3},
  number={4},
  pages={40--48},
  year={2009},
  publisher={IEEE}
}


@phdthesis{yoong2010modelling,
  title={Modelling and Synthesis of Safety-critical Software with {IEC} 61499},
  author={Yoong, Li},
  year={2010},
  school={ResearchSpace@ Auckland}
}

@inproceedings{schnakenbourg2002towards,
  title={Towards {IEC} 61499 function blocks diagrams verification},
  author={Schnakenbourg, Camille and Faure, J-M and Lesage, J-J},
  booktitle={IEEE International conference on systems, man and cybernetics},
  volume={3},
  pages={6--pp},
  year={2002},
  organization={IEEE}
}


@article{cengic2010formal1,
  title={On formal analysis of {IEC} 61499 applications, Part A: Modeling},
  author={Cengic, Goran and Akesson, Knut},
  journal={IEEE Transactions on Industrial Informatics},
  volume={6},
  number={2},
  pages={136--144},
  year={2010},
  publisher={IEEE}
}
@article{cengic2010formal2,
  title={On formal analysis of {IEC} 61499 applications, part B: Execution semantics},
  author={Cengic, Goran and Akesson, Knut},
  journal={IEEE Transactions on Industrial Informatics},
  volume={6},
  number={2},
  pages={145--154},
  year={2010},
  publisher={IEEE}
}
@article{vyatkin2008closed,
  title={Closed-loop modeling in future automation system engineering and validation},
  author={Vyatkin, Valeriy and Hanisch, Hans-Michael and Pang, Cheng and Yang, Chia-Han},
  journal={IEEE Transactions on Systems, Man, and Cybernetics, Part C (Applications and Reviews)},
  volume={39},
  number={1},
  pages={17--28},
  year={2008},
  publisher={IEEE}
}

@article{vcengic2008control,
  title={A control software development method using {IEC} 61499 function blocks, simulation and formal verification},
  author={{\v{C}}engi{\'c}, Goran and {\AA}kesson, Knut},
  journal={IFAC Proceedings Volumes},
  volume={41},
  number={2},
  pages={22--27},
  year={2008},
  publisher={Elsevier}
}

@article{pang2009systematic,
  title={Systematic closed-loop modelling in {IEC} 61499 function blocks: A case study},
  author={Pang, Cheng and Vyatkin, Valeriy},
  journal={IFAC Proceedings Volumes},
  volume={42},
  number={4},
  pages={199--204},
  year={2009},
  publisher={Elsevier}
}

@inproceedings{patil2012formal,
  title={Formal verification of intelligent mechatronic systems with decentralized control logic},
  author={Patil, Sandeep and Vyatkin, Valeriy and Sorouri, Majid},
  booktitle={Proceedings of 2012 IEEE 17th International Conference on Emerging Technologies \& Factory Automation (ETFA 2012)},
  pages={1--7},
  year={2012},
  organization={IEEE}
}

@inproceedings{ovsiannikova2023formal,
  title={Formal verification of observers supervising a cyber-physical system implemented using {IEC} 61499},
  author={Ovsiannikova, Polina and Le Priol, Etienne and Perret, Vincent and Jhunjhunwala, Pranay and Xavier, Midhun and Vyatkin, Valeriy},
  booktitle={2023 IEEE 32nd International Symposium on Industrial Electronics (ISIE)},
  pages={1--6},
  year={2023},
  organization={IEEE}
}


@inproceedings{xavier2023formal,
  title={Formal Modelling, Analysis, and Synthesis of Modular Industrial Systems Inspired by Net Condition/Event Systems},
  author={Xavier, Midhun and Patil, Sandeep and Dubinin, Victor and Vyatkin, Valeriy},
  booktitle={International Conference on Applications and Theory of Petri Nets and Concurrency},
  pages={16--33},
  year={2023},
  organization={Springer}
}

@article{malik2017emulation,
  title={Emulation of cyber-physical systems using {IEC}-61499},
  author={Malik, Avinash and Roop, Partha S and Allen, Nathan and Steger, Th{\'e}o},
  journal={IEEE Transactions on Industrial Informatics},
  volume={14},
  number={1},
  pages={380--389},
  year={2017},
  publisher={IEEE}
}
@inproceedings{dunzer2019conformance,
  title={Conformance checking: a state-of-the-art literature review},
  author={Dunzer, Sebastian and Stierle, Matthias and Matzner, Martin and Baier, Stephan},
  booktitle={Proceedings of the 11th international conference on subject-oriented business process management},
  pages={1--10},
  year={2019}
}

@article{naderifar2019review,
  title={A review on conformance checking technique for the evaluation of process mining algorithms},
  author={Naderifar, Vahideh and Sahran, Shahnorbanun and Shukur, Zarina},
  journal={TEM Journal},
  volume={8},
  number={4},
  pages={1232},
  year={2019},
  publisher={UIKTEN-Association for Information Communication Technology Education and~â€¦}
}

@article{sun2021algorithm,
  title={An algorithm for mining indirect dependencies from loop-choice-driven loop structure via petri nets},
  author={Sun, Hongwei and Liu, Wei and Qi, Liang and Ren, Xiaojun and Du, Yuyue},
  journal={IEEE Transactions on Systems, Man, and Cybernetics: Systems},
  volume={52},
  number={9},
  pages={5411--5423},
  year={2021},
  publisher={IEEE}
}

@article{sun2021process,
  title={A process mining algorithm to mixed multiple-concurrency short-loop structures},
  author={Sun, HongWei and Liu, Wei and Qi, Liang and Du, YuYue and Ren, Xiaojun and Liu, XinYing},
  journal={Information Sciences},
  volume={542},
  pages={453--475},
  year={2021},
  publisher={Elsevier}
}
@book{munoz2016conformance,
  title={Conformance checking and diagnosis in process mining},
  author={Munoz-Gama, Jorge and others},
  year={2016},
  publisher={Springer}
}

@article{van2012replaying,
  title={Replaying history on process models for conformance checking and performance analysis},
  author={Van der Aalst, Wil and Adriansyah, Arya and Van Dongen, Boudewijn},
  journal={Wiley Interdisciplinary Reviews: Data Mining and Knowledge Discovery},
  volume={2},
  number={2},
  pages={182--192},
  year={2012},
  publisher={Wiley Online Library}
}

@article{sendall2003model,
  title={Model transformation: The heart and soul of model-driven software development},
  author={Sendall, Shane and Kozaczynski, Wojtek},
  journal={IEEE software},
  volume={20},
  number={5},
  pages={42--45},
  year={2003},
  publisher={IEEE}
}

@book{liu2022petri,
  title={Petri Nets: Theoretical Models and Analysis Methods for Concurrent Systems},
  author={Liu, Guanjun},
  year={2022},
  publisher={Springer Nature}
}
@article{buchholz2002hierarchical,
  title={Hierarchical reachability graph generation for Petri nets},
  author={Buchholz, Peter and Kemper, Peter},
  journal={Formal Methods in System Design},
  volume={21},
  pages={281--315},
  year={2002},
  publisher={Springer}
}

@article{ye2017structural,
  title={Structural decomposition and decentralized control of Petri nets},
  author={Ye, Jianhong and Zhou, MengChu and Li, Zhiwu and Al-Ahmari, Abdulrahman},
  journal={IEEE Transactions on Systems, Man, and Cybernetics: Systems},
  volume={48},
  number={8},
  pages={1360--1369},
  year={2017},
  publisher={IEEE}
}

@article{wisniewski2019decomposition,
  title={Decomposition of distributed edge systems based on the Petri nets and linear algebra technique},
  author={Wi{\'s}niewski, R and Karatkevich, Andrei and Wojnakowski, M and others},
  journal={Journal of Systems Architecture},
  volume={96},
  pages={20--31},
  year={2019},
  publisher={Elsevier}
}

@book{best2013petri,
  title={Petri net algebra},
  author={Best, Eike and Devillers, Raymond and Koutny, Maciej},
  year={2013},
  publisher={Springer Science \& Business Media}
}

@article{hsieh2011robustness,
  title={Robustness analysis of non-ordinary Petri nets for flexible assembly/disassembly processes based on structural decomposition},
  author={Hsieh, Fu-Shiung},
  journal={International Journal of Control},
  volume={84},
  number={3},
  pages={496--510},
  year={2011},
  publisher={Taylor \& Francis}
}

@article{miyamoto2013modular,
  title={Modular reachability analysis of Petri nets for multiagent systems},
  author={Miyamoto, Toshiyuki and Horiguchi, Kyota},
  journal={IEEE Transactions on Systems, Man, and Cybernetics: Systems},
  volume={43},
  number={6},
  pages={1411--1423},
  year={2013},
  publisher={IEEE}
}

@inproceedings{kungas2005petri,
  title={Petri net reachability checking is polynomial with optimal abstraction hierarchies},
  author={K{\"u}ngas, Peep},
  booktitle={International Symposium on Abstraction, Reformulation, and Approximation},
  pages={149--164},
  year={2005},
  organization={Springer}
}

@article{kiviriga2023efficient,
  title={Efficient Model Checking: The Power of Randomness},
  author={Kiviriga, Andrej},
  year={2023},
  publisher={Aalborg Universitetsforlag}
}

@inproceedings{wisniewski2019analysis,
  title={Analysis and design automation of cyber-physical system with hippo and IOPT-tools},
  author={Wi{\'s}niewski, Remigiusz and Bazyd{\l}o, Grzegorz and Gomes, Lu{\'\i}s and Costa, Anik{\'o} and Wojnakowski, Marcin},
  booktitle={IECON 2019-45th Annual Conference of the IEEE Industrial Electronics Society},
  volume={1},
  pages={5843--5848},
  year={2019},
  organization={IEEE}
}

@inproceedings{wisniewski2014theoretical,
  title={Theoretical aspects of Petri nets decomposition based on invariants and hypergraphs},
  author={Wi{\'s}niewski, Remigiusz and Stefanowicz, {\L}ukasz and Bukowiec, Arkadiusz and Lipi{\'n}ski, Jakub},
  booktitle={Multimedia and ubiquitous engineering},
  pages={371--376},
  year={2014},
  organization={Springer}
}

@article{cai1995modeling,
  title={Modeling by Petri net with place invariants for sequential control systems},
  author={Cai, Yigang and Nishii, Ikuya and Sekiguchi, Takashi},
  journal={Electrical engineering in Japan},
  volume={115},
  number={5},
  pages={100--111},
  year={1995},
  publisher={Wiley Online Library}
}
@article{giua1994petri,
  title={Petri net structural analysis for supervisory control},
  author={Giua, Alessandro and DiCesare, Frank},
  journal={IEEE Transactions on Robotics and Automation},
  volume={10},
  number={2},
  pages={185--195},
  year={1994},
  publisher={IEEE}
}

@article{zambon2012graph,
  title={Graph subsumption in abstract state space exploration},
  author={Zambon, Eduardo and Rensink, Arend},
  journal={arXiv preprint arXiv:1210.6413},
  year={2012}
}

@inproceedings{apel2016fly,
  title={On-the-fly decomposition of specifications in software model checking},
  author={Apel, Sven and Beyer, Dirk and Mordan, Vitaly and Mutilin, Vadim and Stahlbauer, Andreas},
  booktitle={Proceedings of the 2016 24th ACM SIGSOFT International Symposium on Foundations of Software Engineering},
  pages={349--361},
  year={2016}
}

@article{shrestha2009decision,
  title={Decision diagram based methods and complexity analysis for multi-state systems},
  author={Shrestha, Akhilesh and Xing, Liudong and Dai, Yuanshun},
  journal={IEEE Transactions on Reliability},
  volume={59},
  number={1},
  pages={145--161},
  year={2009},
  publisher={IEEE}
}

@article{ludtke2018state,
  title={State-space abstractions for probabilistic inference: a systematic review},
  author={L{\"u}dtke, Stefan and Schr{\"o}der, Max and Kr{\"u}ger, Frank and Bader, Sebastian and Kirste, Thomas},
  journal={Journal of Artificial Intelligence Research},
  volume={63},
  pages={789--848},
  year={2018}
}

@book{godefroid1996partial,
  title={Partial-order methods for the verification of concurrent systems: an approach to the state-explosion problem},
  author={Godefroid, Patrice},
  year={1996},
  publisher={Springer}
}

@inproceedings{xin2009methods,
  title={Methods to tackle state explosion problem in model checking},
  author={Xin-feng, Zhu and Jian-dong, Wang and Bin, Li and Jun-wu, Zhu and Jun, Wu},
  booktitle={2009 Third International Symposium on Intelligent Information Technology Application},
  volume={2},
  pages={329--331},
  year={2009},
  organization={IEEE}
}

@article{clarke1999state,
  title={State space reduction using partial order techniques},
  author={Clarke, Edmund M and Grumberg, Orna and Minea, Marius and Peled, Doron},
  journal={International Journal on Software Tools for Technology Transfer},
  volume={2},
  pages={279--287},
  year={1999},
  publisher={Springer}
}

@article{wisniewski2017prototyping,
  title={Prototyping of concurrent control systems with application of Petri nets and comparability graphs},
  author={Wi{\'s}niewski, Remigiusz and Karatkevich, Andrei and Adamski, Marian and Costa, Anik{\'o} and Gomes, Luis},
  journal={IEEE Transactions on Control Systems Technology},
  volume={26},
  number={2},
  pages={575--586},
  year={2017},
  publisher={IEEE}
}

@book{czerwinski2013finite,
  title={Finite state machine logic synthesis for complex programmable logic devices},
  author={Czerwinski, Robert and Kania, Dariusz},
  volume={231},
  year={2013},
  publisher={Springer Science \& Business Media}
}

@book{cortadella2012logic,
  title={Logic synthesis for asynchronous controllers and interfaces},
  author={Cortadella, Jordi and Kishinevsky, Michael and Kondratyev, Alex and Lavagno, Luciano and Yakovlev, Alex},
  volume={8},
  year={2012},
  publisher={Springer Science \& Business Media}
}

@inproceedings{el2006finite,
  title={Finite state machine state assignment for area and power minimization},
  author={El-Maleh, Aiman and Sait, Sadiq M and Khan, F Nawaz},
  booktitle={2006 IEEE International Symposium on Circuits and Systems (ISCAS)},
  pages={4--pp},
  year={2006},
  organization={IEEE}
}

@article{czerwinski2013synthesis,
  title={Synthesis of FSMs},
  author={Czerwinski, Robert and Kania, Dariusz and Czerwinski, Robert and Kania, Dariusz},
  journal={Finite State Machine Logic Synthesis for Complex Programmable Logic Devices},
  pages={25--48},
  year={2013},
  publisher={Springer}
}

@article{he2022petri,
  title={Petri-net-based model checking for privacy-critical multiagent systems},
  author={He, Leifeng and Liu, Guanjun and Zhou, Mengchu},
  journal={IEEE Transactions on Computational Social Systems},
  volume={10},
  number={2},
  pages={563--576},
  year={2022},
  publisher={IEEE}
}

@article{ramdani2020rctl,
  title={Rctl: New temporal logic for improved formal verification of reconfigurable discrete-event systems},
  author={Ramdani, Mohamed and Kahloul, Laid and Khalgui, Mohamed and Li, Zhiwu and Zhou, MengChu},
  journal={IEEE Transactions on Automation Science and Engineering},
  volume={18},
  number={3},
  pages={1392--1405},
  year={2020},
  publisher={IEEE}
}