@mastersthesis{paper1,
  title={Data and Process Mining Applications on a Multi-Cell Factory Automation Testbed},
  author={Khajehzadeh, Navid},
  year={2012}
}

@article{paper2,
  title={Anomaly detection for industrial control systems using process mining},
  author={Myers, David and Suriadi, Suriadi and Radke, Kenneth and Foo, Ernest},
  journal={Computers \& Security},
  volume={78},
  pages={103--125},
  year={2018},
  publisher={Elsevier}
}

@phdthesis{paper3,
  title={Detecting cyber attacks on industrial control systems using process mining},
  author={Myers, David},
  year={2019},
  school={Queensland University of Technology}
}

@inproceedings{paper4,
  title={Process mining in production systems},
  author={Abonyi, Janos and Dorgo, Gyula},
  booktitle={2019 IEEE 23rd International Conference on Intelligent Engineering Systems (INES)},
  pages={000267--000270},
  year={2019},
  organization={IEEE}
}

@article{paper5,
  title={Online parameter estimation for cyber-physical production systems based on mixed integer nonlinear programming, process mining and black-box optimization techniques},
  author={Otto, Jens and Vogel-Heuser, Birgit and Niggemann, Oliver},
  journal={at-Automatisierungstechnik},
  volume={66},
  number={4},
  pages={331--343},
  year={2018},
  publisher={De Gruyter Oldenbourg}
}

@inproceedings{paper6,
  title={Process mining of programmable logic controllers: Input/output event logs},
  author={Theis, Julian and Mokhtarian, Ilia and Darabi, Houshang},
  booktitle={2019 IEEE 15th International Conference on Automation Science and Engineering (CASE)},
  pages={216--221},
  year={2019},
  organization={IEEE}
}
@article{paper7,
  title={From factory floor to process models: A data gathering approach to generate, transform, and visualize manufacturing processes},
  author={Farooqui, Ashfaq and Bengtsson, Kristofer and Falkman, Petter and Fabian, Martin},
  journal={CIRP Journal of Manufacturing Science and Technology},
  volume={24},
  pages={6--16},
  year={2019},
  publisher={Elsevier}
}

@article{paper8,
  title={Towards data-driven approaches in manufacturing: an architecture to collect sequences of operations},
  author={Farooqui, Ashfaq and Bengtsson, Kristofer and Falkman, Petter and Fabian, Martin},
  journal={International Journal of Production Research},
  volume={58},
  number={16},
  pages={4947--4963},
  year={2020},
  publisher={Taylor \& Francis}
}

@INPROCEEDINGS{etfapaper,
  author={Xavier, Midhun and HÃ¥kansson, Johannes and Patil, Sandeep and Vyatkin, Valeriy},
  booktitle={2021 26th IEEE International Conference on Emerging Technologies and Factory Automation (ETFA )}, 
  title={Plant Model Generator from Digital Twin for Purpose of Formal Verification}, 
  year={2021},
  volume={},
  number={},
  pages={1-4},
  doi={10.1109/ETFA45728.2021.9613704}}
  
  @ARTICLE{processmining1,  author={van der Aalst, W. and Weijters, T. and Maruster, L.},  journal={IEEE Transactions on Knowledge and Data Engineering},   title={Workflow mining: discovering process models from event logs},   year={2004},  volume={16},  number={9},  pages={1128-1142},  doi={10.1109/TKDE.2004.47}}
  
  @article{van2012process1,
  title={Process mining: Overview and opportunities},
  author={Van Der Aalst, Wil},
  journal={ACM Transactions on Management Information Systems (TMIS)},
  volume={3},
  number={2},
  pages={1--17},
  year={2012},
  publisher={ACM New York, NY, USA}
}
@article{van2012process2,
  title={Process mining},
  author={Van Der Aalst, Wil},
  journal={Communications of the ACM},
  volume={55},
  number={8},
  pages={76--83},
  year={2012},
  publisher={ACM New York, NY, USA}
}
  @article{petri1962,
  title={Kommunikation mit automaten},
  author={Petri, Carl Adam},
  year={1962}
}

@Misc{iec61499part12012,
  title     = {{IEC 61499-1: Function Blocks Part 1: Architecture}},
  year      = {2012},
  edition   = {2},
  publisher = {International Electrotechnical Commission, Geneva, Switzerland},
}

@incollection{yoong2015verification,
  title={Verification of Function Blocks},
  author={Yoong, Li Hsien and Roop, Partha S and Bhatti, Zeeshan E and Kuo, Matthew MY},
  booktitle={Model-Driven Design Using IEC 61499},
  pages={123--136},
  year={2015},
  publisher={Springer}
}

@misc{ProM,
  title = {ProM},
  howpublished = {\url{https://www.promtools.org/}}
}

@misc{Disco,
  title = {Disco},
  howpublished = {\url{https://fluxicon.com/disco/}}
}

@inproceedings{van2005prom,
  title={The ProM framework: A new era in process mining tool support},
  author={Van Dongen, Boudewijn F and de Medeiros, Ana Karla A and Verbeek, HMW and Weijters, AJMM and van Der Aalst, Wil MP},
  booktitle={International conference on application and theory of petri nets},
  pages={444--454},
  year={2005},
  organization={Springer}
}

@article{verbeek2010prom,
  title={Prom 6: The process mining toolkit},
  author={Verbeek, HMW and Buijs, JCAM and Van Dongen, BF and van der Aalst, Wil MP},
  journal={Proc. of BPM Demonstration Track},
  volume={615},
  pages={34--39},
  year={2010},
  publisher={sn}
}

@article{gunther2012disco,
  title={Disco: Discover Your Processes.},
  author={G{\"u}nther, Christian W and Rozinat, Anne},
  journal={BPM (Demos)},
  volume={940},
  number={1},
  pages={40--44},
  year={2012},
  publisher={Citeseer}
}

@inproceedings{wenger2015behavioral,
  title={Behavioral type-based monitoring for IEC 61499},
  author={Wenger, Monika and Zoitl, Alois and Blech, Jan Olaf},
  booktitle={2015 IEEE 20th Conference on Emerging Technologies \& Factory Automation (ETFA)},
  pages={1--8},
  year={2015},
  organization={IEEE}
}



@INPROCEEDINGS{xavier2021cyber,
  author={Xavier, Midhun and Patil, Sandeep and Vyatkin, Valeriy},
  booktitle={2021 IEEE 19th International Conference on Industrial Informatics (INDIN)}, 
  title={Cyber-physical automation systems modelling with IEC 61499 for their formal verification}, 
  year={2021},
  volume={},
  number={},
  pages={1-6},
  doi={10.1109/INDIN45523.2021.9557416}}


@book{lee2017introduction,
  title={Introduction to embedded systems: A cyber-physical systems approach},
  author={Lee, Edward Ashford and Seshia, Sanjit A},
  year={2017},
  publisher={{MIT} Press}
}

@article{van2009process,
  title={Process mining: Overview and outlook of petri net discovery algorithms},
  author={Van Dongen, Boudewijn F and Alves de Medeiros, AK and Wen, Lijie},
  journal={transactions on petri nets and other models of concurrency II},
  pages={225--242},
  year={2009},
  publisher={Springer}
}

@inproceedings{aalst2011process,
  title={Process mining manifesto},
  author={Aalst, Wil van der and Adriansyah, Arya and Medeiros, Ana Karla Alves de and Arcieri, Franco and Baier, Thomas and Blickle, Tobias and Bose, Jagadeesh Chandra and Brand, Peter van den and Brandtjen, Ronald and Buijs, Joos and others},
  booktitle={International conference on business process management},
  pages={169--194},
  year={2011},
  organization={Springer}
}

@inproceedings{buijs2012role,
  title={On the role of fitness, precision, generalization and simplicity in process discovery},
  author={Buijs, Joos CAM and Dongen, Boudewijn F van and van Der Aalst, Wil MP},
  booktitle={OTM Confederated International Conferences" On the Move to Meaningful Internet Systems"},
  pages={305--322},
  year={2012},
  organization={Springer}
}

@inproceedings{akman2009applicability,
  title={Applicability of process discovery algorithms for software organizations},
  author={Akman, Burcu and Demir{\"o}rs, Onur},
  booktitle={2009 35th Euromicro Conference on Software Engineering and Advanced Applications},
  pages={195--202},
  year={2009},
  organization={IEEE}
}
@article{van2004workflow,
  title={Workflow mining: Discovering process models from event logs},
  author={Van der Aalst, Wil and Weijters, Ton and Maruster, Laura},
  journal={IEEE transactions on knowledge and data engineering},
  volume={16},
  number={9},
  pages={1128--1142},
  year={2004},
  publisher={IEEE}
}

@book{van2016process,
  title={Process mining: data science in action},
  author={Van der Aalst, Wil MP},
  year={2016},
  publisher={Springer}
}

