
@inproceedings{pang2014portability,
  title={A portability study of IEC 61499: Semantics and tools},
  author={Pang, Cheng and Patil, Sandeep and Yang, Chen-Wei and Vyatkin, Valeriy and Shalyto, Anatoly},
  booktitle={2014 12th IEEE International Conference on Industrial Informatics (INDIN)},
  pages={440--445},
  year={2014},
  organization={IEEE}
}

@inproceedings{patil2013composition,
  title={On composition of mechatronic components enabled by interoperability and portability provisions of IEC 61499: A case study},
  author={Patil, Sandeep and Yan, Jeffrey and Vyatkin, Valeriy and Pang, Cheng},
  booktitle={2013 IEEE 18th Conference on Emerging Technologies \& Factory Automation (ETFA)},
  pages={1--4},
  year={2013},
  organization={IEEE}
}

@Misc{iec61499part12012,
  title     = {{IEC 61499-1: Function Blocks Part 1: Architecture}},
  year      = {2012},
  edition   = {2},
  publisher = {International Electrotechnical Commission, Geneva, Switzerland},
}

@article{gerber2010does,
  title={Does portability of IEC 61499 mean that once programmed control software runs everywhere?},
  author={Gerber, Christian and Hanisch, Hans-Michael},
  journal={IFAC Proceedings Volumes},
  volume={43},
  number={4},
  pages={24--29},
  year={2010},
  publisher={Elsevier}
}

@inproceedings{hopsu2019portability,
  title={On portability of iec 61499 compliant structures and systems},
  author={Hopsu, Alexander and Atmojo, Udayanto Dwi and Vyatkin, Valeriy},
  booktitle={2019 IEEE 28th International Symposium on Industrial Electronics (ISIE)},
  pages={1306--1311},
  year={2019},
  organization={IEEE}
}
