@INPROCEEDINGS{Dubinin06,
  author    = {Dubinin V. and Vyatkin V.},
  booktitle = {IV IEEE Conference on Industrial Informatics},
  title     = {Towards A Formal Semantics Of IEC 61499 Function Blocks},
  address   = {Singapore},
  year      = {2006},
  month     = aug
}

@INPROCEEDINGS{Suender06,
  author    = {S{\"u}nder C. and Zoitl A. and Christensen J. and Vyatkin V. and  Brennan R. and Valentini A. and Ferrarini L. and 
               Thramboulidis K. and Strasser T. and Martinez-Lastra J. L. and F. Auinger},
  booktitle = {IV IEEE Conference on Industrial Informatics},
  title     = {Usability and Interoperability of {IEC} 61499 based distributed automation systems},
  address   = {Singapore},
  year      = {2006},
  month     = aug
}

@INPROCEEDINGS{Zoitl05,
  author    = {Zoitl A. and Grabmair G. and Auinger F. and Sunder C.},
  booktitle = {III IEEE Conference on Industrial Informatics},
  title     = {Executing real-time constrained Control Applications modelled in IEC 61499 with respect to Dynamic reconfiguration},
  address   = {Perth, Australia},
  year      = {2005},
  month     = aug
}

@INPROCEEDINGS{Doukas05,
  author    = {G. Doukas and K. Thramboulidis},
  booktitle = {III IEEE Conference on Industrial Informatics},
  title     = {A Real-Time Linux Execution Environment for Function-Block Based Distributed Control Applications},
  address   = {Perth, Australia},
  year      = {2005},
  month     = aug
}

@INPROCEEDINGS{Zoitl05,
  author    = {Zoitl A. and Grabmair G. and Auinger F. and Sunder C.},
  booktitle = {III IEEE Conference on Industrial Informatics},
  title     = {Executing real-time constrained Control Applications modelled in IEC 61499 with respect to Dynamic reconfiguration},
  address   = {Perth, Australia},
  year      = {2005},
  month     = aug
}

@INBOOK{Zoitl04,
  author    = {A. Zoitl and F. Auinger and V. Vyatkin and J. L. Martinez Lastra},
  booktitle = {IMS International Forum 2004},
  title     = {Towards basic real-time reconfiguration services for next generation zero-downtime Automation systems},
  address   = {Cernobbio, Italy},
  year      = {2004},
  month     = aug
}

@ARTICLE{HaVy03,
  author  = {Vyatkin V. and Hanisch H.-M.},
  title   = {Verification of Distributed Control Systems in Intelligent Manufacturing},
  journal = {Journal of Intelligent Manufacturing},
  volume  = {14},
  number  = {1}, 
  pages   = {123-136},
  year    = {2003}
}

@INPROCEEDINGS{Lueder05,
  author    = {A. L{\"u}der and C. Schwab and M. Tangermann and J. Peschke},
  booktitle = {IEEE Conference on Emerging Technologies and Factory Automation},
  title     = {Formal models for the verification of \textsc{IEC} 61499 function block based control applications},
  address   = {Catania, Italy},
  year      = {2005},
  month     = sep
}

@OTHER{FBDK,
  title     = {Function Block Development Kit ({FBDK}), http://www.holobloc.org },
  year      = {2005},
  month     = sep
}

@INPROCEEDINGS{Ferrarini04,
  author    = {Luca Ferrarini and Carlo Veber},
  booktitle = {II IEEE Conference on Industrial Informatics},
  title     = {Implementation Approaches for the Execution Model of {IEC}	 61499 Applications},
  address   = {Berlin},
  year      = {2004},
  month     = jun
}