@inproceedings{drozdov2016formal,
  title={Formal modelling of distributed automation {CPS} with {CP}-agnostic software},
  author={Drozdov, Dmitrii and Patil, Sandeep and Vyatkin, Valeriy},
  booktitle={International Workshop on Service Orientation in Holonic and Multi-Agent Manufacturing},
  pages={35--46},
  year={2016},
  organization={Springer}
}

@article{hanisch2009one,
  title={One decade of {IEC} 61499 modeling and verification-results and open issues},
  author={Hanisch, Hans-Michael and Hirsch, Martin and Missal, Dirk and Preu{\ss}e, Sebastian and Gerber, Christian},
  journal={IFAC Proceedings Volumes},
  volume={42},
  number={4},
  pages={211--216},
  year={2009},
  publisher={Elsevier}
}

@article{dai2017discrete,
  title={Discrete-event-based deterministic execution semantics with timestamps for industrial cyber-physical systems},
  author={Dai, Wenbin and Pang, Cheng and Vyatkin, Valeriy and Christensen, James H and Guan, Xinping},
  journal={IEEE Transactions on Systems, Man, and Cybernetics: Systems},
  volume={50},
  number={3},
  pages={851--862},
  year={2017},
  publisher={IEEE}
}

@inproceedings{vyatkin1999modeling,
  title={A modeling approach for verification of {IEC} 1499 function blocks using net condition/event systems},
  author={Vyatkin, Valeriy and Hanisch, H-M},
  booktitle={1999 7th IEEE International Conference on Emerging Technologies and Factory Automation. Proceedings ETFA'99 (Cat. No. 99TH8467)},
  volume={1},
  pages={261--270},
  year={1999},
  organization={IEEE}
}

@online{fb2smv,
title = {fb2smv model generator},
url = {https://github.com/dmitrydrozdov/fb2smv}
}

@article{drozdov2021formal,
  title={A Formal Model of {IEC} 61499-Based Industrial Automation Architecture Supporting Time-Aware Computations},
  author={Drozdov, Dmitrii and Dubinin, Victor and Patil, Sandeep and Vyatkin, Valeriy},
  journal={IEEE Open Journal of the Industrial Electronics Society},
  volume={2},
  pages={169--183},
  year={2021},
  publisher={IEEE}
}

@article{christensen2000design,
  title = {Design patterns for systems engineering with {IEC} 61499},
  author = {Christensen, James H},
  journal = {Verteilte Automatisierung-Modelle und Methoden für Entwurf, Verifikation, Engineering und Instrumentierung},
  pages = {63–71},
  year = {2000},
  publisher = {Otto-von-Guericke Universit{\"a}t}
}

@article{vyatkin2008closed,
  title={Closed-loop modeling in future automation system engineering and validation},
  author={Vyatkin, Valeriy and Hanisch, Hans-Michael and Pang, Cheng and Yang, Chia-Han},
  journal={IEEE Transactions on Systems, Man, and Cybernetics, Part C (Applications and Reviews)},
  volume={39},
  number={1},
  pages={17--28},
  year={2008},
  publisher={IEEE}
}

@article{vyatkin2003verification,
  title={Verification of distributed control systems in intelligent manufacturing},
  author={Vyatkin, Valeriy and Hanisch, Hans-Michael},
  journal={Journal of Intelligent Manufacturing},
  volume={14},
  number={1},
  pages={123--136},
  year={2003},
  publisher={Springer}
}

@Misc{iec61499part12012,
  title     = {{IEC 61499-1: Function Blocks Part 1: Architecture}},
  year      = {2012},
  edition   = {2},
  publisher = {International Electrotechnical Commission, Geneva, Switzerland},
}

@article{gurevich1995evolving,
  title={Evolving algebras 1993: Lipari guide},
  author={Gurevich, Yuri and B{\"o}rger, E},
  journal={Evolving Algebras},
  volume={40},
  year={1995}
}

@book{lee2017introduction,
  title={Introduction to embedded systems: A cyber-physical systems approach},
  author={Lee, Edward Ashford and Seshia, Sanjit A},
  year={2017},
  publisher={{MIT} Press}
}

@article{clarke1986automatic,
  title={Automatic verification of finite-state concurrent systems using temporal logic specifications},
  author={Clarke, Edmund M. and Emerson, E Allen and Sistla, A Prasad},
  journal={ACM Transactions on Programming Languages and Systems (TOPLAS)},
  volume={8},
  number={2},
  pages={244--263},
  year={1986},
  publisher={ACM New York, NY, USA}
}

@article{berthomieu1991modeling,
  title={Modeling and verification of time dependent systems using time Petri nets},
  author={Berthomieu, Bernard and Diaz, Michel},
  journal={IEEE transactions on software engineering},
  volume={17},
  number={3},
  pages={259},
  year={1991},
  publisher={IEEE Computer Society}
}

@book{zhou1999modeling,
  title={Modeling, simulation, and control of flexible manufacturing systems: a Petri net approach},
  author={Zhou, MengChu and Venkatesh, Kurapati},
  year={1999},
  publisher={World Scientific}
}

@article{emerson1985decision,
  title={Decision procedures and expressiveness in the temporal logic of branching time},
  author={Emerson, E Allen and Halpern, Joseph Y},
  journal={Journal of computer and system sciences},
  volume={30},
  number={1},
  pages={1--24},
  year={1985},
  publisher={Elsevier}
}

@article{cimatti2000nusmv,
  title={NuSMV: a new symbolic model checker},
  author={Cimatti, Alessandro and Clarke, Edmund and Giunchiglia, Fausto and Roveri, Marco},
  journal={International Journal on Software Tools for Technology Transfer},
  volume={2},
  number={4},
  pages={410--425},
  year={2000},
  publisher={Springer}
}

@inproceedings{buzhinsky2016plant,
  title={Plant model inference for closed-loop verification of control systems: Initial explorations},
  author={Buzhinsky, Igor and Vyatkin, Valeriy},
  booktitle={2016 IEEE 14th International Conference on Industrial Informatics (INDIN)},
  pages={736--739},
  year={2016},
  organization={IEEE}
}

@inproceedings{patil2018adapting,
  title={Adapting software design patterns to develop reusable IEC 61499 function block applications},
  author={Patil, Sandeep and Drozdov, Dmitrii and Vyatkin, Valeriy},
  booktitle={2018 IEEE 16th International Conference on Industrial Informatics (INDIN)},
  pages={725--732},
  year={2018},
  organization={IEEE}
}

@inproceedings{frey2000formal,
  title={Formal methods in PLC programming},
  author={Frey, Georg and Litz, Lothar},
  booktitle={Smc 2000 conference proceedings. 2000 ieee international conference on systems, man and cybernetics.'cybernetics evolving to systems, humans, organizations, and their complex interactions'(cat. no. 0},
  volume={4},
  pages={2431--2436},
  year={2000},
  organization={IEEE}
}


@online{Model-view-controller,
title = {Model-view-controller design pattern},
url = {https://folk.universitetetioslo.no/trygver/themes/mvc/mvc-index.html},
 year={2008}
}

@article{wang2004formal,
  title={Formal verification of timed systems: A survey and perspective},
  author={Wang, Farn},
  journal={Proceedings of the IEEE},
  volume={92},
  number={8},
  pages={1283--1305},
  year={2004},
  publisher={IEEE}
}

@article{sinha2019survey,
  title={A survey of static formal methods for building dependable industrial automation systems},
  author={Sinha, Roopak and Patil, Sandeep and Gomes, Luis and Vyatkin, Valeriy},
  journal={IEEE Transactions on Industrial Informatics},
  volume={15},
  number={7},
  pages={3772--3783},
  year={2019},
  publisher={IEEE}
}

@ARTICLE{Time-AwareComputations1,
  author={Drozdov, Dmitrii and Dubinin, Victor and Patil, Sandeep and Vyatkin, Valeriy},
  journal={IEEE Open Journal of the Industrial Electronics Society}, 
  title={A Formal Model of {IEC} 61499-Based Industrial Automation Architecture Supporting Time-Aware Computations}, 
  year={2021},
  volume={2},
  number={},
  pages={169-183},
  doi={10.1109/OJIES.2021.3056400}}
  
  @INPROCEEDINGS{Time-AwareComputations2,
  author={Drozdov, Dmitrii and Patil, Sandeep and Dubinin, Victor and Vyatkin, Valeriy},
  booktitle={IECON 2017 - 43rd Annual Conference of the IEEE Industrial Electronics Society}, 
  title={Towards formal verification for cyber-physically agnostic software: A case study}, 
  year={2017},
  volume={},
  number={},
  pages={5509-5514},
  doi={10.1109/IECON.2017.8216953}}