@Misc{iec61499part12012,
  title     = {{IEC 61499-1: Function Blocks Part 1: Architecture}},
  year      = {2012},
  edition   = {2},
  publisher = {International Electrotechnical Commission, Geneva, Switzerland},
}

@book{tiegelkamp2010iec,
  title={IEC 61131-3: Programming industrial automation systems},
  author={Tiegelkamp, Michael and John, Karl-Heinz},
  volume={166},
  year={2010},
  publisher={Springer}
}
@article{vyatkin2009iec,
  title={The IEC 61499 standard and its semantics},
  author={Vyatkin, Valeriy},
  journal={IEEE Industrial Electronics Magazine},
  volume={3},
  number={4},
  pages={40--48},
  year={2009},
  publisher={IEEE}
}
@article{cho2023dynamic,
  title={Dynamic Data Abstraction-Based Anomaly Detection for Industrial Control Systems},
  author={Cho, Jake and Gong, Seonghyeon},
  journal={Electronics},
  volume={13},
  number={1},
  pages={158},
  year={2023},
  publisher={MDPI}
}

@incollection{stojanovic2020challenges,
  title={Challenges in securing industrial control systems using Future Internet technologies},
  author={Stojanovi{\'c}, Mirjana D and Rakas, Slavica V Bo{\v{s}}tjan{\v{c}}i{\v{c}}},
  booktitle={Cyber Security of Industrial Control Systems in the Future Internet Environment},
  pages={1--26},
  year={2020},
  publisher={IGI Global}
}

@article{chang2024survey,
  title={A survey on evaluation of large language models},
  author={Chang, Yupeng and Wang, Xu and Wang, Jindong and Wu, Yuan and Yang, Linyi and Zhu, Kaijie and Chen, Hao and Yi, Xiaoyuan and Wang, Cunxiang and Wang, Yidong and others},
  journal={ACM Transactions on Intelligent Systems and Technology},
  volume={15},
  number={3},
  pages={1--45},
  year={2024},
  publisher={ACM New York, NY}
}

@article{rajkumar2022evaluating,
  title={Evaluating the text-to-sql capabilities of large language models},
  author={Rajkumar, Nitarshan and Li, Raymond and Bahdanau, Dzmitry},
  journal={arXiv preprint arXiv:2204.00498},
  year={2022}
}

@article{wang2024survey,
  title={A survey on large language model based autonomous agents},
  author={Wang, Lei and Ma, Chen and Feng, Xueyang and Zhang, Zeyu and Yang, Hao and Zhang, Jingsen and Chen, Zhiyuan and Tang, Jiakai and Chen, Xu and Lin, Yankai and others},
  journal={Frontiers of Computer Science},
  volume={18},
  number={6},
  pages={1--26},
  year={2024},
  publisher={Springer}
}

@article{wei2022emergent,
  title={Emergent abilities of large language models},
  author={Wei, Jason and Tay, Yi and Bommasani, Rishi and Raffel, Colin and Zoph, Barret and Borgeaud, Sebastian and Yogatama, Dani and Bosma, Maarten and Zhou, Denny and Metzler, Donald and others},
  journal={arXiv preprint arXiv:2206.07682},
  year={2022}
}

@misc{openai2021gpt,
  title        = {{GPT-3}: Language Models are Few-Shot Learners},
  author       = {Tom B. Brown and Benjamin Mann and Nick Ryder and Melanie Subbiah and Jared Kaplan and Prafulla Dhariwal and Arvind Neelakantan and Pranav Shyam and Girish Sastry and Amanda Askell and Sandhini Agarwal and Ariel Herbert-Voss and Gretchen Krueger and Tom Henighan and Rewon Child and Aditya Ramesh and Daniel M. Ziegler and Jeffrey Wu and Clemens Winter and Christopher Hesse and Mark Chen and Eric Sigler and Mateusz Litwin and Scott Gray and Benjamin Chess and Jack Clark and Christopher Berner and Sam McCandlish and Alec Radford and Ilya Sutskever and Dario Amodei},
  year         = 2021,
  howpublished = {OpenAI},
  url          = {https://arxiv.org/abs/2005.14165}
}
@misc{openai2023introducinggpts,
  title={Introducing GPTs},
  author={OpenAI},
  year={2023},
  url={https://openai.com/index/introducing-gpts/},
  note={Accessed: May 9, 2023}
}

@misc{metallama3,
  title={LLaMA 3},
  author={Meta AI},
  year={2023},
  url={https://llama.meta.com/llama3/},
  note={Accessed: May 9, 2023}
}
@misc{google2018bert,
  title={Open-sourcing BERT: State of the art pre-training for natural language processing},
  author={Google AI},
  year={2018},
  url={https://research.google/blog/open-sourcing-bert-state-of-the-art-pre-training-for-natural-language-processing/},
  note={Accessed: May 9, 2023}
}

@article{kiangala2024experimental,
  title={An experimental hybrid customized AI and generative AI chatbot human machine interface to improve a factory troubleshooting downtime in the context of Industry 5.0},
  author={Kiangala, Kahiomba Sonia and Wang, Zenghui},
  journal={The International Journal of Advanced Manufacturing Technology},
  volume={132},
  number={5},
  pages={2715--2733},
  year={2024},
  publisher={Springer}
}

@article{illing2023information,
  title={Information extraction from operator interface images using computer vision and machine learning},
  author={Illing, Eirik and Skeie, Nils-Olav and Brastein, Ole Magnus},
  journal={Scandinavian Simulation Society},
  pages={238--245},
  year={2023}
}

@article{myohanen2023improving,
  title={Improving industrial performance with language models: a review of predictive maintenance and process optimization},
  author={My{\"o}h{\"a}nen, Jonne},
  year={2023}
}

@article{kernan2024knowledge,
  title={Knowledge sharing in manufacturing using LLM-powered tools: user study and model benchmarking},
  author={Kernan Freire, Samuel and Wang, Chaofan and Foosherian, Mina and Wellsandt, Stefan and Ruiz-Arenas, Santiago and Niforatos, Evangelos},
  journal={Frontiers in Artificial Intelligence},
  volume={7},
  pages={1293084},
  year={2024},
  publisher={Frontiers Media SA}
}

@article{hays2024employing,
  title={Employing LLMs for Incident Response Planning and Review},
  author={Hays, Sam and White, Dr Jules},
  journal={arXiv preprint arXiv:2403.01271},
  year={2024}
}

@article{mangaonkar2024enhancing,
  title={Enhancing Production Data Pipeline Monitoring and Reliability through Large Language Models (LLMs)},
  author={Mangaonkar, Mitesh and Penikalapati, Venkata Karthik},
  journal={Eduzone: International Peer Reviewed/Refereed Multidisciplinary Journal},
  volume={13},
  number={1},
  pages={51--56},
  year={2024}
}

@article{yao2024survey,
  title={A survey on large language model (llm) security and privacy: The good, the bad, and the ugly},
  author={Yao, Yifan and Duan, Jinhao and Xu, Kaidi and Cai, Yuanfang and Sun, Zhibo and Zhang, Yue},
  journal={High-Confidence Computing},
  pages={100211},
  year={2024},
  publisher={Elsevier}
}

@misc{langchainai2023github,
  title={LangChain AI GitHub Repository},
  author={LangChain AI},
  year={2023},
  url={https://github.com/langchain-ai},
  note={Accessed: May 9, 2023}
}

@misc{langchainailanggraph2023,
  title={LangGraph: LangChain AI GitHub Repository},
  author={LangChain AI},
  year={2023},
  url={https://github.com/langchain-ai/langgraph},
  note={Accessed: May 9, 2023}
}

@misc{streamlit2023homepage,
  title={Streamlit Homepage},
  author={Streamlit},
  year={2023},
  url={https://streamlit.io/},
  note={Accessed: May 9, 2023}
}

@misc{ecostruxure2023,
  title={EcoStruxure Automation Expert},
  author={Schneider Electric},
  year={2023},
  url={https://www.se.com/se/sv/product-range/23643079-ecostruxure-automation-expert},
  note={Accessed: May 9, 2023}
}
