@article{zhang2013r,
  title={R-TNCES: A novel formalism for reconfigurable discrete event control systems},
  author={Zhang, Jiafeng and Khalgui, Mohamed and Li, Zhiwu and Mosbahi, Olfa and Al-Ahmari, Abdulrahman M},
  journal={IEEE Transactions on Systems, Man, and Cybernetics: Systems},
  volume={43},
  number={4},
  pages={757--772},
  year={2013},
  publisher={IEEE}
}
    
@article{zhang2015modeling,
  title={Modeling and verification of reconfigurable and energy-efficient manufacturing systems},
  author={Zhang, Jiafeng and Khalgui, Mohamed and Boussahel, Wassim Mohamed and Frey, Georg and Hon, ChiTin and Wu, Naiqi and Li, Zhiwu},
  journal={Discrete Dynamics in Nature and Society},
  volume={2015},
  year={2015},
  publisher={Hindawi}
}


@inproceedings{patil2012formal,
  title={Formal verification of intelligent mechatronic systems with decentralized control logic},
  author={Patil, Sandeep and Vyatkin, Valeriy and Sorouri, Majid},
  booktitle={Proceedings of 2012 IEEE 17th International Conference on Emerging Technologies \& Factory Automation (ETFA 2012)},
  pages={1--7},
  year={2012},
  organization={IEEE}
}

@inproceedings{pang2007towards,
  title={Towards Formal Verification of {IEC 61499}: modelling of Data and Algorithms in NCES},
  author={Pang, Cheng and Vyatkin, Valeriy},
  booktitle={2007 5th IEEE International Conference on Industrial Informatics},
  volume={2},
  pages={879--884},
  year={2007},
  organization={IEEE}
}

@inproceedings{vyatkin2006execution,
  title={Execution semantic of function blocks based on the model of net condition/event systems},
  author={Vyatkin, Valeriy},
  booktitle={2006 4th IEEE International Conference on Industrial Informatics},
  pages={874--879},
  year={2006},
  organization={IEEE}
}

@online{vive,
 title   = {Visual Verifier},
 url     = {https:http://www.fb61499.com/license.html},
 year    = {2008},
 urldate = {2023-01-28},
 langid  = {english}
}

@inproceedings{starke1997analysis,
  title={Analysis of signal/event nets},
  author={Starke, Peter H and Hanisch, H-M},
  booktitle={1997 IEEE 6th International Conference on Emerging Technologies and Factory Automation Proceedings, EFTA'97},
  pages={253--257},
  year={1997},
  organization={IEEE}
}

@article{vyatkin2008closed,
  title={Closed-loop modeling in future automation system engineering and validation},
  author={Vyatkin, Valeriy and Hanisch, Hans-Michael and Pang, Cheng and Yang, Chia-Han},
  journal={IEEE Transactions on Systems, Man, and Cybernetics, Part C (Applications and Reviews)},
  volume={39},
  number={1},
  pages={17--28},
  year={2008},
  publisher={IEEE}
}
@article{davidrajuh2019new,
  title={A new modular Petri net for modeling large discrete-event systems: a proposal based on the literature study},
  author={Davidrajuh, Reggie},
  journal={Computers},
  volume={8},
  number={4},
  pages={83},
  year={2019},
  publisher={MDPI}
}

@article{sreenivas1991condition,
  title={On condition/event systems with discrete state realizations},
  author={Sreenivas, Ramavarapu S and Krogh, Bruce H},
  journal={Discrete Event Dynamic Systems},
  volume={1},
  number={2},
  pages={209--236},
  year={1991},
  publisher={Springer}
}

@inproceedings{rausch1995net,
  title={Net condition/event systems with multiple condition outputs},
  author={Rausch, Mathias and Hanisch, H-M},
  booktitle={Proceedings 1995 INRIA/IEEE Symposium on Emerging Technologies and Factory Automation. ETFA'95},
  volume={1},
  pages={592--600},
  year={1995},
  organization={IEEE}
}


@online{ fb-site,
 title   = {{IEC 61499} -- International Standard for Distributed Systems},
 url     = {http://www.iec61499.de/},
 year    = {2019},
 urldate = {2020-05-23},
 langid  = {english}
}

@InBook{patil2015neutralizing,
  chapter   = {7},
  pages     = {76-91},
  title     = {{Neutralizing Semantic Ambiguities of Function Block Architecture by Modeling with ASM}},
  publisher = {Springer Berlin Heidelberg},
  year      = {2015},
  author    = {Patil, Sandeep and Dubinin, Victor and Pang, Cheng and Vyatkin, Valeriy},
  editor    = {Voronkov, Andrei and Virbitskaite, Irina},
  volume    = {8974},
  series    = {Lecture Notes in Computer Science},
  type      = {Book Section},
  isbn      = {978-3-662-46822-7},
  booktitle = {Perspectives of System Informatics},
  doi       = {10.1007/978-3-662-46823-4\_7},
}

@article{hanisch2009one,
  title={One decade of {IEC 61499} modeling and verification-results and open issues},
  author={Hanisch, Hans-Michael and Hirsch, Martin and Missal, Dirk and Preu{\ss}e, Sebastian and Gerber, Christian},
  journal={IFAC Proceedings Volumes},
  volume={42},
  number={4},
  pages={211--216},
  year={2009},
  publisher={Elsevier}
}

@online{ fbdk,
 title   = {FBDK 2 - The Function Block Development Kit},
 url     = {http://ftp.holobloc.com/fbdk2/index.htm},
 year    = {2017},
 urldate = {2020-05-23},
 langid  = {english}
}

@online{ nxt,
 title   = {nxtControl -- nxtSTUDIO},
 url     = {https://www.nxtcontrol.com/en/engineering/},
 year    = {2020},
 urldate = {2020-05-23},
 langid  = {english}
}

@online{ nxt-cat,
 title   = {nxtControl -- nxtSTUDIO},
 url     = {https://www.nxtcontrol.com/en/libraries/},
 year    = {2020},
 urldate = {2020-05-23},
 langid  = {english}
}

@online{ 4diac-forte,
 title   = {4diac FORTE – {IEC 61499} Runtime Environment},
 url     = {https://www.eclipse.org/4diac/en_rte.php},
 year    = {2020},
 urldate = {2020-05-23},
 langid  = {english}
}

@online{ 4diac,
 title   = {4diac IDE -- {IEC 61499} Compliant Development Environment},
 url     = {https://www.eclipse.org/4diac/en\_ide.php},
 year    = {2020},
 urldate = {2020-05-23},
 langid  = {english}
}

@online{ emf,
 title   = {Eclipse EMF -- Eclipse Modelling Framework},
 url     = {https://www.eclipse.org/modeling/emf},
 year    = {2020},
 urldate = {2020-05-23},
 langid  = {english}
}

@online{ isagraf,
 title   = {Rockwell Automation -- {ISaGRAF} Technology},
 url     = {http://www.isagraf.com},
 year    = {2020},
 urldate = {2020-05-23},
 langid  = {english}
}

@online{ mps,
 title   = {JetBrains MPS -- Meta Programming System},
 url     = {https://www.jetbrains.com/mps},
 year    = {2020},
 urldate = {2020-05-23},
 langid  = {english}
}

@online{ mps-structure,
 title   = {Structure -- Help | JetBrains MPS 2019.3},
 url     = {https://www.jetbrains.com/help/mps/structure.html},
 year    = {2020},
 urldate = {2020-05-23},
 langid  = {english}
}

@online{ mps-editor,
 title   = {Editor -- Help | JetBrains MPS 2019.3},
 url     = {https://www.jetbrains.com/help/mps/editor.html},
 year    = {2020},
 urldate = {2020-05-23},
 langid  = {english}
}


@online{ mps-smodel,
 title   = {SModel language -- Help | JetBrains MPS 2019.3},
 url     = {https://www.jetbrains.com/help/mps/smodel-language.html},
 year    = {2020},
 urldate = {2020-05-23},
 langid  = {english}
}

@online{ mps-build,
 title   = {Build language -- Help | JetBrains MPS 2019.3},
 url     = {https://www.jetbrains.com/help/mps/build-language.html},
 year    = {2020},
 urldate = {2020-05-23},
 langid  = {english}
}

@online{ holobloc,
 title   = {{IEC 61499} Compliance Profile for Feasibility Demonstrations},
 url     = {https://www.holobloc.com/doc/ita/index.htm},
 year    = {2019},
 urldate = {2020-05-23},
 langid  = {english}
}

@online{ antlr,
 title   = {ANTLR},
 url     = {https://www.antlr.org/},
 year    = {2014},
 urldate = {2020-05-23},
 langid  = {english}
}

@techreport{ fb-standard-1,
  type = {International Standard},
  title = {{IEC 61449-1}: Function blocks -- Part 1: Architecture},
  langid  = {english},
  year = {2012}
}

@techreport{ fb-standard-2,
  type = {International Standard},
  title = {{IEC 61449-2}: Function blocks -- Part 2: Software tool requirements},
  langid  = {english},
  year = {2012}
}


@techreport{ fb-standard-4,
  type = {International Standard},
  title = {{IEC 61449-2}: Function blocks -- Part 4: Rules for compliance profiles},
  langid  = {english},
  year = {2013}
}

@techreport{ st-standard,
  type = {International Standard},
  title = {{IEC 61131-3}: Programmable controllers -- Part 3: Programming languages},
  langid  = {english},
  year = {2013}
}

@InProceedings{ enas,
author="Drozdov, Dmitrii
and Atmojo, Udayanto Dwi
and Pang, Cheng
and Patil, Sandeep
and Ali, Muhammad Irfan
and Tenhunen, Antti
and Oksanen, Taavi
and Cheremetiev, Kiril
and Vyatkin, Valeriy",
editor="Borangiu, Theodor
and Trentesaux, Damien
and Leit{\~a}o, Paulo
and Giret Boggino, Adriana
and Botti, Vicente",
title="Utilizing Software Design Patterns in Product-Driven Manufacturing System: A Case Study",
booktitle="Service Oriented, Holonic and Multi-agent Manufacturing Systems for Industry of the Future",
year="2020",
publisher="Springer International Publishing",
address="Cham",
pages="301--312",
isbn="978-3-030-27477-1",
langid = {english}
}

@online{ intellij-platform,
 title   = {IntelliJ Platform SDK DevGuide},
 url     = {https://www.jetbrains.org/intellij/sdk/docs/intro/welcome.html},
 year    = {2020},
 urldate = {2020-05-23},
 langid  = {english}
}

@online{ eclipse-platform,
 title   = {Eclipse Platform},
 url     = {https://wiki.eclipse.org/Platform},
 year    = {2020},
 urldate = {2020-05-23},
 langid  = {english}
}


@article{ gme,
author="Nan Zhou and Di Li and Valeriy Vyatkin and Victor Dubinin and Chengliang Liu",
title="Towards Dependable Model-Driven Design of Low-Level Industrial Automation Control Systems",
year={2016},
langid = {english},
journal = {IEEE Transactions on Automatic Control}
}

@online{ web-gme,
 title   = {WebGME},
 url     = {https://webgme.org},
 year    = {2019},
 urldate = {2020-05-23},
 langid  = {english}
}

@article{ iec61499-paper-1,
  author="Valeriy, Vyatkin",
  journal={IEEE Transactions on Industrial Informatics}, 
  title={{IEC 61499} as Enabler of Distributed and Intelligent Automation: State-of-the-Art Review}, 
  year={2011},
  volume={7},
  number={4},
  pages={768-781},
  langid = {english}
  }

@ARTICLE{iec61499-paper-2,
  author={V. {Vyatkin}},
  journal={IEEE Transactions on Industrial Informatics}, 
  title={Software Engineering in Industrial Automation: State-of-the-Art Review}, 
  year={2013},
  volume={9},
  number={3},
  pages={1234-1249},
  langid = {english}
  }
  
@inproceedings{iec61499-paper-3,
  title={{IEC 61499} Function Blocks for Embedded and Distributed Control Systems Design},
  author={V. {Vyatkin}},
  year={2007},
  langid = {english}
}
  
@article{
    maxim-plugin,
    author={Максим Терещук},
    title={Разработка алгоритма и программного средства для визуализации
причин несоответствия спецификации формальной модели киберфизической системы},
    year={2020}
}

@article{10.1155/2008/231630,
    author = {Gerber, Christian and Hanisch, Hans-Michael and Ebbinghaus, Sven},
    title = {{F}rom {IEC 61131} to {IEC 61499} for {D}istributed {S}ystems: {A} {C}ase {S}tudy},
    year = {2008},
    issue_date = {April 2008},
    publisher = {Hindawi Limited},
    address = {London, GBR},
    volume = {2008},
    issn = {1687-3955},
    month = apr,
    articleno = {4},
    numpages = {8}
}

@INPROCEEDINGS{5549715,
    author={G. D. {Shaw} and P. S. {Roop} and Z. {Salcic}},
    booktitle={2010 8th IEEE International Conference on Industrial Informatics},
    title={Reengineering of {IEC 61131} into {IEC 61499} {Function} {B}locks},
    year={2010},
    volume={},
    number={},
    pages={1148-1153},
}

@article{10.1016/j.compind.2015.04.002,
    author = {Campanelli, Stefano and Foglia, Pierfrancesco and Prete, Cosimo Antonio},
    title = {An {A}rchitecture to {I}ntegrate {IEC 61131-3} {S}ystems in an {IEC 61499} {D}istributed {S}olution},
    year = {2015},
    issue_date = {September 2015},
    publisher = {Elsevier Science Publishers B. V.},
    address = {NLD},
    volume = {72},
    number = {C},
    issn = {0166-3615},
    journal = {Comput. Ind.},
    month = sep,
    pages = {47–67},
    numpages = {21},
    keywords = {IEC 61131, Distributed control systems, IEC 61499, SW reuse and integration, Discrete manufacturing, PLC, Manufacturing automation}
}

@INPROCEEDINGS{5195891,
    author={M. {Wenger} and A. {Zoitl} and C. {Sunder} and H. {Steininger}},
    booktitle={2009 7th IEEE International Conference on Industrial Informatics},
    title={{T}ransformation of {IEC} 61131-3 to {IEC} 61499 based on a {M}odel {D}riven {D}evelopment {A}pproach},   year={2009},
    volume={},
    number={},
    pages={715-720},
}

@INPROCEEDINGS{6209917,
    author={M. {Wenger} and A. {Zoitl}},
    booktitle={2012 IEEE International Conference on Industrial Technology},
    title={{R}e-use of {IEC} 61131-3 {S}tructured {T}ext for {IEC} 61499},
    year={2012},
    volume={},
    number={},
    pages={78-83},
}

@INPROCEEDINGS{4638420,
    author={C. {Sunder} and M. {Wenger} and C. {Hanni} and I. {Gosetti} and H. {Steininger} and J. {Fritsche}},
    booktitle={2008 IEEE International Conference on Emerging Technologies and Factory Automation},
    title={{T}ransformation of {E}xisting {IEC} 61131-3 {A}utomation {P}rojects into {C}ontrol {L}ogic {A}ccording to {IEC} 61499},
    year={2008},
    volume={},
    number={},
    pages={369-376},
}

@article{10.1145/368996.369025,
    author = {Kahn, A. B.},
    title = {{T}opological {S}orting of {L}arge {N}etworks},
    year = {1962},
    issue_date = {Nov. 1962},
    publisher = {Association for Computing Machinery},
    address = {New York, NY, USA},
    volume = {5},
    number = {11},
    issn = {0001-0782},
    month = nov,
    pages = {558–562},
    numpages = {5}
}

@article{10.1007/BF00268499,
    author = {Tarjan, R. E.},
    title = {{E}dge-disjoint {S}panning {T}rees and {D}epth-{F}irst {S}earch},
    year = {1976},
    issue_date = {Jun. 1976},
    publisher = {Acta Informatica},
    volume = {6},
    number = {2},
    month = jun,
    pages = {171–185},
    numpages = {15}
}

@article{iec200361131,
  title={{P}rogrammable {C}ontrollers--{P}art 3: {P}rogramming {L}anguages},
  author={{IEC 61131-3}},
  journal={International Standard, Second Edition, International Electrotechnical Commission, Geneva},
  volume={1},
  pages={2003},
  year={2003}
}

@article{international2005function,
  title={{F}unction {b}locks--{P}art 1: {a}rchitecture, Second edition},
  author={{IEC 61499}},
  journal={International Electrotechnical Commission, Geneva, Switzerland},
  year={2012}
}

@INPROCEEDINGS{6489671,
    author={S. {Campanelli} and P. {Foglia} and C. A. {Prete}},
    booktitle={Proceedings of 2012 IEEE 17th International Conference on Emerging Technologies   Factory Automation (ETFA 2012)},
    title={{I}ntegration of {e}xisting {IEC} 61131-3 {s}ystems in an {IEC} 61499 {d}istributed {s}olution},
    year={2012},
    volume={},
    number={},
    pages={1-8}
}

@electronic{eprPS,
    author={{Areva NP}},
    title={{U.S.} {EPR} {P}rotection {S}ystem, {T}echnical {R}eport {ANP-10309NP}, {R}evision 4},
    url={https://www.nrc.gov/docs/ML1216/ML121660317.html},
    year={2012}
}

@electronic{eprFSAR,
    author={{A}reva {NP}},
    title={{U.S.} {EPR} {F}inal {S}afety {A}nalysis {R}eport},
    url={https://www.nrc.gov/reactors/new-reactors/design-cert/epr/reports.html},
    year={2013}
}

@ARTICLE{buzhinsky2019model,
    author={I. {Buzhinsky} and A. {Pakonen}},
    journal={IEEE Access},
    title={{M}odel-{C}hecking {D}etailed {F}ault-{T}olerant {N}uclear {P}ower {P}lant {S}afety {F}unctions},
    year={2019},
    volume={7},
    number={},
    pages={162139-162156},
    doi={10.1109/ACCESS.2019.2951938}
    }
    
@electronic{python, title={Python 3.7.9 {D}ocumentation}, url={https://docs.python.org/3.7/}, journal={3.7.9 Documentation}} 

@article{MENG201081,
title = {Modeling of reconfigurable manufacturing systems based on colored timed object-oriented Petri nets},
journal = {Journal of Manufacturing Systems},
volume = {29},
number = {2},
pages = {81-90},
year = {2010},
issn = {0278-6125},
doi = {https://doi.org/10.1016/j.jmsy.2010.11.002},
url = {https://www.sciencedirect.com/science/article/pii/S0278612510000518},
author = {Xiuli Meng},
abstract = {To cope with the rapid change in manufacturing market requirements, reconfigurable manufacturing systems (RMSs) with the feature of reconfigurability, have to be developed. A model that describes the reconfiguring process of a manufacturing system is developed by applying colored timed object-oriented Petri nets. Based on the main difference between configurations of RMSs and flexible manufacturing systems (FMSs), a modular hierarchical structure of RMS is developed. By the object-oriented method, all the object classes in the RMS model are identified. A macro-place is used to model the aggregation of many processes and a macro-transition is used to link all the related macro-places. Macro-places and macro-transitions are connected with arcs to form a Petri net named a macro-level Petri net so that the control logic of RMS is represented. The macro-level Petri net is refined by hierarchical steps, each step describing these macro-places by more detailed sub macro-places until all the macro-places cannot be divided. Then the characteristics of material flow and time constraints in RMS are modeled by applying colored tokens and associated time-delay attributes. This model integrates object-oriented methods, stepwise refinement ideas and Petri nets together. The RMS activities can be encapsulated and modularized by the proposed method, so that RMS can be easily constructed and investigated by the system developers.}
}

@article{ITPN2011,
author = {Wu, Naiqi and Zhou, Mengchu},
year = {2009},
month = {02},
pages = {},
title = {Intelligent token Petri nets for modeling and control of reconfigurable automated manufacturing systems with dynamical changes},
volume = {31},
journal = {Transactions of The Institute of Measurement and Control - TRANS INST MEASURE CONTROL},
doi = {10.1177/0142331208095622}
}

@article{wu2011intelligent,
  title={Intelligent token Petri nets for modelling and control of reconfigurable automated manufacturing systems with dynamical changes},
  author={Wu, NaiQi and Zhou, MengChu},
  journal={Transactions of the Institute of Measurement and Control},
  volume={33},
  number={1},
  pages={9--29},
  year={2011},
  publisher={Sage Publications Sage UK: London, England}
}

@article{costelha2012robot,
  title={Robot task plan representation by Petri nets: modelling, identification, analysis and execution},
  author={Costelha, Hugo and Lima, Pedro},
  journal={Autonomous Robots},
  volume={33},
  number={4},
  pages={337--360},
  year={2012},
  publisher={Springer}
}

@inproceedings{hadjidj2013rt,
  title={RT-Studio: A Tool for Modular Design and Analysis of Realtime Systems Using Interpreted Time Petri Nets.},
  author={Hadjidj, Rachid and Boucheneb, Hanifa},
  booktitle={PNSE+ ModPE},
  pages={247--254},
  year={2013},
  organization={Citeseer}
}

@article{dos2012modular,
  title={A modular Petri net to modeling and scenario analysis of a network of road traffic signals},
  author={dos Santos Soares, Michel and Vrancken, Jos},
  journal={Control Engineering Practice},
  volume={20},
  number={11},
  pages={1183--1194},
  year={2012},
  publisher={Elsevier}
}

@article{zhou2013urban,
  title={Urban controlled traffic flow modeling using colored Petri nets},
  author={Zhou, F and Jing, X and Wang, M},
  journal={Journal of Computational Information Systems},
  volume={9},
  pages={1217--1228},
  year={2013}
}

@article{huang2013modular,
  title={Modular design of urban traffic-light control systems based on synchronized timed Petri nets},
  author={Huang, Yi-Sheng and Weng, Yi-Shun and Zhou, MengChu},
  journal={IEEE Transactions on Intelligent Transportation Systems},
  volume={15},
  number={2},
  pages={530--539},
  year={2013},
  publisher={IEEE}
}

@article{fanti2013freeway,
  title={Freeway traffic modeling and control in a first-order hybrid petri net framework},
  author={Fanti, Maria Pia and Iacobellis, Giorgio and Mangini, Agostino Marcello and Ukovich, Walter},
  journal={IEEE transactions on automation science and engineering},
  volume={11},
  number={1},
  pages={90--102},
  year={2013},
  publisher={IEEE}
}

@article{baruwa2016coloured,
  title={A coloured Petri net-based hybrid heuristic search approach to simultaneous scheduling of machines and automated guided vehicles},
  author={Baruwa, Olatunde T and Piera, Miquel A},
  journal={International Journal of Production Research},
  volume={54},
  number={16},
  pages={4773--4792},
  year={2016},
  publisher={Taylor \& Francis}
}

@inproceedings{dehnert2017storm,
  title={A storm is coming: A modern probabilistic model checker},
  author={Dehnert, Christian and Junges, Sebastian and Katoen, Joost-Pieter and Volk, Matthias},
  booktitle={International Conference on Computer Aided Verification},
  pages={592--600},
  year={2017},
  organization={Springer}
}

@inproceedings{zhang2018shortest,
  title={Shortest legal firing sequence of net condition/event systems using integer linear programming},
  author={Zhang, Jiafeng and Li, Hongyi and Frey, Georg and Li, Zhiwu},
  booktitle={2018 IEEE 14th International Conference on Automation Science and Engineering (CASE)},
  pages={1556--1561},
  year={2018},
  organization={IEEE}
}

@article{zhang2018simulation,
  title={Simulation and analysis of reconfigurable assembly systems based on R-TNCES},
  author={Zhang, Jiafeng and Li, Zhiwu and Frey, Georg},
  journal={Journal of the Chinese Institute of Engineers},
  volume={41},
  number={6},
  pages={494--502},
  year={2018},
  publisher={Taylor \& Francis}
}

@article{berger2019modelling,
  title={Modelling availability risks of IT threats in smart factory networks--a modular Petri net approach},
  author={Berger, Stephan and Bogenreuther, Maximilian and H{\"a}ckel, Bj{\"o}rn and Niesel, Oliver},
  year={2019}
}

@article{kaid2020intelligent,
  title={Intelligent colored token Petri nets for modeling, control, and validation of dynamic changes in reconfigurable manufacturing systems},
  author={Kaid, Husam and Al-Ahmari, Abdulrahman and Li, Zhiwu and Davidrajuh, Reggie},
  journal={Processes},
  volume={8},
  number={3},
  pages={358},
  year={2020},
  publisher={MDPI}
}

@article{hensel2022probabilistic,
  title={The probabilistic model checker Storm},
  author={Hensel, Christian and Junges, Sebastian and Katoen, Joost-Pieter and Quatmann, Tim and Volk, Matthias},
  journal={International Journal on Software Tools for Technology Transfer},
  volume={24},
  number={4},
  pages={589--610},
  year={2022},
  publisher={Springer}
}

@inproceedings{vyatkin2001formal,
  title={Formal modeling and verification in the software engineering framework of {IEC} 61499: a way to self-verifying systems},
  author={Vyatkin, Valeriy and Hanisch, H-M},
  booktitle={ETFA 2001. 8th International Conference on Emerging Technologies and Factory Automation. Proceedings (Cat. No. 01TH8597)},
  volume={2},
  pages={113--118},
  year={2001},
  organization={IEEE}
}

@inproceedings{schnakenbourg2002towards,
  title={Towards {IEC} 61499 function blocks diagrams verification},
  author={Schnakenbourg, Camille and Faure, J-M and Lesage, J-J},
  booktitle={IEEE International conference on systems, man and cybernetics},
  volume={3},
  pages={6--pp},
  year={2002},
  organization={IEEE}
}

@inproceedings{cengic2006formal,
  title={Formal modeling of function block applications running in {IEC} 61499 execution runtime},
  author={Cengic, Goran and Ljungkrantz, Oscar and Akesson, Knut},
  booktitle={2006 IEEE Conference on Emerging Technologies and Factory Automation},
  pages={1269--1276},
  year={2006},
  organization={IEEE}
}


@inproceedings{pang2008automatic,
  title={Automatic model generation of {IEC} 61499 function block using net condition/event systems},
  author={Pang, Cheng and Vyatkin, Valeriy},
  booktitle={2008 6th IEEE International Conference on Industrial Informatics},
  pages={1133--1138},
  year={2008},
  organization={IEEE}
}

@article{vcengic2008control,
  title={A control software development method using {IEC} 61499 function blocks, simulation and formal verification},
  author={{\v{C}}engi{\'c}, Goran and {\AA}kesson, Knut},
  journal={IFAC Proceedings Volumes},
  volume={41},
  number={2},
  pages={22--27},
  year={2008},
  publisher={Elsevier}
}

@inproceedings{cengic2008definition,
  title={Definition of the execution model used in the Fuber {IEC} 61499 runtime environment},
  author={Cengic, Goran and Akesson, Kraut},
  booktitle={2008 6th IEEE International Conference on Industrial Informatics},
  pages={301--306},
  year={2008},
  organization={IEEE}
}

@article{cengic2010formal1,
  title={On formal analysis of {IEC} 61499 applications, Part A: Modeling},
  author={Cengic, Goran and Akesson, Knut},
  journal={IEEE Transactions on Industrial Informatics},
  volume={6},
  number={2},
  pages={136--144},
  year={2010},
  publisher={IEEE}
}

@article{cengic2010formal2,
  title={On formal analysis of {IEC} 61499 applications, part B: Execution semantics},
  author={Cengic, Goran and Akesson, Knut},
  journal={IEEE Transactions on Industrial Informatics},
  volume={6},
  number={2},
  pages={145--154},
  year={2010},
  publisher={IEEE}
}

@article{yoong2010verifying,
  title={Verifying {IEC} 61499 function blocks using Esterel},
  author={Yoong, Li Hsien and Roop, Partha S},
  journal={IEEE Embedded systems letters},
  volume={2},
  number={1},
  pages={1--4},
  year={2010},
  publisher={IEEE}
}
@inproceedings{patil2011closed,
  title={Closed-loop formal verification framework with non-determinism, configurable by meta-modelling},
  author={Patil, Sandeep and Bhadra, Sayantan and Vyatkin, Valeriy},
  booktitle={IECON 2011-37th Annual Conference of the IEEE Industrial Electronics Society},
  pages={3770--3775},
  year={2011},
  organization={IEEE}
}

@inproceedings{dai2014configurable,
  title={A configurable cloud-based testing infrastructure for interoperable distributed automation systems},
  author={Dai, Wenbin William and Riliskis, Laurynas and Vyatkin, Valeriy and Osipov, Evgeny and Delsing, Jerker},
  booktitle={IECON 2014-40th Annual Conference of the IEEE Industrial Electronics Society},
  pages={2492--2498},
  year={2014},
  organization={IEEE}
}
@inproceedings{patil2015counterexample,
  title={Counterexample-guided simulation framework for formal verification of flexible automation systems},
  author={Patil, Sandeep and Vyatkin, Valeriy and Pang, Cheng},
  booktitle={2015 IEEE 13th International Conference on Industrial Informatics (INDIN)},
  pages={1192--1197},
  year={2015},
  organization={IEEE}
}

@inproceedings{lindgren2015formal,
  title={A formal perspective on {IEC} 61499 execution control chart semantics},
  author={Lindgren, Per and Lindner, Marcus and Pereira, David and Pinho, Lu{\'\i}s Miguel},
  booktitle={2015 IEEE Trustcom/BigDataSE/ISPA},
  volume={3},
  pages={293--300},
  year={2015},
  organization={IEEE}
}

@inproceedings{guellouz2016reconfigurable,
  title={Reconfigurable function blocks: Extension to the standard {IEC} 61499},
  author={Guellouz, Safa and Benzina, Adel and Khalgui, Mohamed and Frey, Georg},
  booktitle={2016 IEEE/ACS 13th International Conference of Computer Systems and Applications (AICCSA)},
  pages={1--8},
  year={2016},
  organization={IEEE}
}

@article{guellouz2018designing,
  title={Designing efficient reconfigurable control systems using {IEC61499} and symbolic model checking},
  author={Guellouz, Safa and Benzina, Adel and Khalgui, Mohamed and Frey, Georg and Li, Zhiwu and Vyatkin, Valeriy},
  journal={IEEE Transactions on Automation Science and Engineering},
  volume={16},
  number={3},
  pages={1110--1124},
  year={2018},
  publisher={IEEE}
}

@inproceedings{fkaier2021modeling,
  title={Modeling Methodology for Reconfigurable Distributed Systems using Transformations from GR-UML to GR-TNCES and {IEC} 61499.},
  author={Fkaier, Soumoud and Khalgui, Mohamed and Frey, Georg},
  booktitle={ENASE},
  pages={221--230},
  year={2021}
}

@inproceedings{ovsiannikova2021towards,
  title={Towards user-friendly model checking of {IEC} 61499 systems with counterexample explanation},
  author={Ovsiannikova, Polina and Vyatkin, Valeriy},
  booktitle={2021 26th IEEE International Conference on Emerging Technologies and Factory Automation (ETFA)},
  pages={01--04},
  year={2021},
  organization={IEEE}
}
@article{ovsiannikova2021oeritte,
  title={Oeritte: User-friendly counterexample explanation for model checking},
  author={Ovsiannikova, Polina and Buzhinsky, Igor and Pakonen, Antti and Vyatkin, Valeriy},
  journal={IEEE Access},
  volume={9},
  pages={61383--61397},
  year={2021},
  publisher={IEEE}
}

@inproceedings{patil2015formal,
  title={Formal Verification of {IEC61499} Function Blocks with Abstract State Machines and SMV--Modelling},
  author={Patil, Sandeep and Dubinin, Victor and Vyatkin, Valeriy},
  booktitle={2015 IEEE Trustcom/BigDataSE/ISPA},
  volume={3},
  pages={313--320},
  year={2015},
  organization={IEEE}
}

inproceedings{patil2015neutralizing,
  title={Neutralizing semantic ambiguities of function block architecture by modeling with ASM},
  author={Patil, Sandeep and Dubinin, Victor and Pang, Cheng and Vyatkin, Valeriy},
  booktitle={International Andrei Ershov Memorial Conference on Perspectives of System Informatics},
  pages={76--91},
  year={2015},
  organization={Springer}
}

@inproceedings{drozdov2016formal,
  title={Formal verification of cyber-physical automation systems modelled with timed block diagrams},
  author={Drozdov, Dmitrii and Patil, Sandeep and Dubinin, Victor and Vyatkin, Valeriy},
  booktitle={2016 IEEE 25th International Symposium on Industrial Electronics (ISIE)},
  pages={316--321},
  year={2016},
  organization={IEEE}
}

@inproceedings{xavier2021cyber,
  title={Cyber-physical automation systems modelling with {IEC} 61499 for their formal verification},
  author={Xavier, Midhun and Patil, Sandeep and Vyatkin, Valeriy},
  booktitle={2021 IEEE 19th International Conference on Industrial Informatics (INDIN)},
  pages={1--6},
  year={2021},
  organization={IEEE}
}

@inproceedings{xavier2022process,
  title={Process mining in industrial control systems},
  author={Xavier, Midhun and Dubinin, Victor and Patil, Sandeep and Vyatkin, Valeriy},
  booktitle={2022 IEEE 20th International Conference on Industrial Informatics (INDIN)},
  pages={1--6},
  year={2022},
  organization={IEEE}
}

@misc{iec61499,
  title={{F}unction {b}locks--{P}art 1: {a}rchitecture, Second edition},
  author={{IEC 61499}},
  journal={International Electrotechnical Commission, Geneva, Switzerland},
  year={2012}
}


@inproceedings{xavier2022interactive,
  title={An interactive learning approach on digital twin for deriving the controller logic in {IEC} 61499 standard},
  author={Xavier, Midhun and Dubinin, Victor and Patil, Sandeep and Vyatkin, Valeriy},
  booktitle={27th International Conference on Emerging Technologies and Factory Automation (ETFA 2022), Stuttgart, Germany, September 6-9, 2022},
  year={2022},
  organization={IEEE}
}

@inproceedings{xavier2021plant,
  title={Plant Model Generator from Digital Twin for Purpose of Formal Verification},
  author={Xavier, Midhun and H{\aa}kansson, Johannes and Patil, Sandeep and Vyatkin, Valeriy},
  booktitle={2021 26th IEEE International Conference on Emerging Technologies and Factory Automation (ETFA)},
  pages={1--4},
  year={2021},
  organization={IEEE}
}

@article{xavier2022plant,
  title={Plant model generation from event log using ProM for formal verification of CPS},
  author={Xavier, Midhun and Dubinin, Victor and Patil, Sandeep and Vyatkin, Valeriy},
  journal={arXiv preprint arXiv:2211.03681},
  year={2022}
}

@inproceedings{dubinin2015synthesis,
  title={Synthesis of safety controllers for distributed automation systems on the basis of reverse safe net condition/event systems},
  author={Dubinin, Victor and Vyatkin, Valeriy and Hanisch, Hans-Michael},
  booktitle={2015 IEEE Trustcom/BigDataSE/ISPA},
  volume={3},
  pages={287--292},
  year={2015},
  organization={IEEE}
}

@article{missal2008modularA,
  title={A Modular Synthesis Approach for Distributed Safety Controllers, Part A:⋆ Modelling and Specification},
  author={Missal, Dirk and Hanisch, Hans-Michael},
  journal={IFAC Proceedings Volumes},
  volume={41},
  number={2},
  pages={14473--14478},
  year={2008},
  publisher={Elsevier}
}

@article{missal2008modularB,
  title={A Modular Synthesis Approach for Distributed Safety Controllers, Part B:⋆ Modular Control Synthesis},
  author={Missal, Dirk and Hanisch, Hans-Michael},
  journal={IFAC Proceedings Volumes},
  volume={41},
  number={2},
  pages={14479--14484},
  year={2008},
  publisher={Elsevier}
}