@STRING{ProcCSP97 = {{Proceedings of the CS\&P'97 Workshop}}}
@STRING{ProcCSP98 = {{Proceedings of the CS\&P'98 Workshop}}}
@STRING{ProcCSP99 = {{Proceedings of the CS\&P'99 Workshop}}}
@STRING{ProcETFA99 = {{Proceedings of the ETFA'99 Workshop}}}
@STRING{ProcIFAC99 = {{Proceedings of the 14th IFAC World Congress}}}
@STRING{EdsCSP = {Hans-Dieter Burkhard and Ludwik Czaja and Peter~H. Starke}}
@STRING{LNCS = {Lecture Notes in Computer Science}}
@STRING{PNNL = {Petri Net Newsletter}}
@STRING{UniMagdeburg = {Otto--von--Guerike Universit\"at Magdeburg, Lehrstuhl Steuerungstechnik}}
@STRING{HumboldtUni = {Humboldt--Universit\"at zu Berlin}}
@STRING{GI = {Gesellschaft f\"ur Informatik, Special Interest Group on Petri Nets and Related System Models}}

%%%%%%%% DES %%%%%%%%%%%%%%%%%%%%%%%%%%%%%%%%%%

@BOOK{Cassandras93,
  author =       {Cassandras C.G.},
  title =        {Discrete Event Systems},
  publisher =    {Irwin Publishers},
  year =         {1993}
}

%%%%%%%% Standards

@BOOK{IEC61499,
  title     = {Function Blocks for Industrial Process Measurement and Control Systems, {IEC} 61499 Standard},
  publisher = {International Electrotechnical Commission, Tech.Comm. 65, Working group 6},
  address   = {Geneva},
  year      = {2005}
}

@BOOK{IEC1131,
  title  = {International Standard {IEC} 1131-3, Programmable Controllers - Part 3},
  publisher = {International Electrotechnical Commission},
  year   = {1993},
  address = {Geneva, Suisse}
}

%%%%%%%% Synthesis ###################################################################

@INPROCEEDINGS{ConProc,
  author    = {H.-M. Hanisch and A. L{\"u}der},
  booktitle = {Proc. of International Symposium on Industrial Electronics (ISIE'98)},
  title     = {On the mutual Dependency of Safety Controllers and Procedural Controllers},
  address   = {Pretoria, South Africa},
  pages     = {622--627},
  year      = {1998},
  month     = jul
}

%%%%%%%% Modeling ###################################################################

@BOOK{Hanisch92,
  author =       {H.-M.Hanisch},
  title =        {Petri Netze in der Verfahrenstechnik},
  publisher =    {Oldenburg},
  year =         {1992},
  address =      {M\"{u}nchen},
}

@INPROCEEDINGS{PLCSim97,
  author    = {H.-M. Hanisch and J. Thieme and A. L{\"u}der and O. Wienhold},
  title     = {Modeling of {PLC} Behavior by Means of Timed Net Condition/Event Systems},
  booktitle = {International conference on Emerging Technologies and Factory Automation (ETFA'97)},
  address   = {Los Angeles, USA},
  year      = {1997},
  month     = sep
}

@ARTICLE{CEsys,
  author    = {R.S.Sreenivas and B.H.Krogh},
  title     = {On condition/event systems with discrete state realizations},
  journal   =  {Discrete Event Dynamic Systems: Theory and Applications},
  volume    = {2},
  number    = {1},
  pages     = {209-236},
  year      = {1991}
}

@INPROCEEDINGS{SrKr91,
  author    = {R.S.Sreenivas and B.H.Krogh},
  title     = {Petri net based models for condition/event systems},
  booktitle = {Proc. of American Control Conference},
  volume    = {3},
  pages     = {2899-2904},
  address   = {Boston, USA},
  year      = {1991}
}



@PHDTHESIS{Ra96,
  author = {M.~Rausch},
  title  = {Modulare Modellbildung, Synthese und Codegenerierung ereignisdiskreter Steuerungssysteme},
  school = {Otto-von-Guericke-University of Magdeburg,  Dept. of Electrical Engineering},
  year   = {1996}
}

@INBOOK{Hanisch93,
  author    = {H.-M. Hanisch.},
  title     = {Analysis of Place/Transition Nets with Timed Arcs and its Application to Batch Process Control},
  series    = {LNCS},
  volume    = {691},
  publisher = {Springer-Verlag},
  pages     = {282--299},
  year      = {1993}
}

@INBOOK{Hanisch04,
  author    = {H.-M. Hanisch.},
  title     = {Closed-Loop Modeling and Related Problems of Embedded Control Systems in Engineering, 2004, in Abstract State Machines},
  series    = {LNCS},
  volume    = {3052},
  publisher = {Springer-Verlag},
  year      = {2004}
}

@INPROCEEDINGS{HaLu99,
  author    = {H.-M. Hanisch and A. L{\"u}der},
  booktitle = {Proc. of Colloquium on Petri Net Technologies for Modeling Communication Based Systems},
  title     = {Modular Modeling of Closed-Loop systems},
  address   = {Berlin, Germany},
  pages     = {103--126},
  year      = {1999},
  month     = oct
}

@INBOOK{Kowal00,
  author    = {H.Treseler and N.Bauer and S.Kowalewski},
  booktitle = {Discrete Event Systems: Analysis and Control},
  title     = {Verification of IL Programs with an explicit model of their PLC execution},
  publisher = {Kluwer},
  pages     = {283--290},
  year      = {2000}
}

@INBOOK{Heiner00,
  author    = {M. Heiner and T.Menzel},
  booktitle = {Discrete Event Systems: Analysis and Control},
  title     = {Time-related modeling of PLC Systems with Time-less Petri Nets},
  publisher = {Kluwer},
  pages     = {275--282},
  year      = {2000}
}

@ARTICLE{Park99,
  author =       {Park, E. and Tilbury, D. and Khargoneckar, P.P.},
  title =        {Modular Logic Controller for Machining Systems: Formal Representation and Performance Analysis
                  using Petri Nets},
  journal =      {IEEE Transactions on Robotics and Automation},
  year =         {1999},
  volume =       {16},
  number =       {6},
  pages =        {1046--1061},
}

@ARTICLE{David94,
  author =       {David, R. and Alla, H.},
  title =        {Petri Nets for Modeling of Dynamic Systems - A Survey},
  journal =      {Automatica},
  year =         {1994},
  volume =       {30},
  number =       {2},
}


@BOOK{DiCesare:93,
  author    = {F. DiCesare, et al.},
  title     = {Practice of Petri nets in manufacturing},
  publisher = {Chapman&Hall},
  address   = {NewYork},
  year      = {1993}
}

%%%%%%%% Pure model checking ###################################################################

@MISC{Starke98,
  author = {S.Roch and P.H.Starke},
  title  = {INA - Integrated Net Analyzer, Version 2.2, Manual},
  address = {Humboldt Universit{\"a}t zu Berlin, Institut f{\"u}r Informatik},
  note   = {http://www.informatik.hu-berlin.de/lehrstuehle/automaten/ina/},
  year   = {1998}
}

@BOOK{ASEN02,
  author    = {P.Starke and  S.Roch and  K.Schmidt and H.-M. Hanisch and A.L{\"u}der},
  title     = {Analysing signal-event systems},
  address   = {Humboldt Universit{\"a}t zu Berlin, Institut f{\"u}r Informatik},
  note      = {Internal report, http://www.informatik.hu-berlin.de/lehrstuehle/automaten/tools/\#sesa},
  year      = {2002},
  month     = jul
}

@MISC{Ultimo,
  author = {Peter H. Starke},
  title  = {Die Ultimo-Schaltregel},
  address   = {Humboldt Universitat zu Berlin, Institut fur Informatik},
  month = feb,
  year   = {2000}
}

%%%%%%%% Specifications ###################################################################

@INBOOK{Emerson91,
   AUTHOR             = {Emerson and Mok and Sistla and Srinivasan},
   PAGES              = {136--145},
   SERIES             = LNCS,
   TITLE              = {Quantitative Temporal Reasoning},
   VOLUME             = {531},
   YEAR               = {1991}
}


@INPROCEEDINGS{Alur90,
  author    = {Alur, R. and C. Courcoubeitis and D.L.Dill.},
  booktitle = {Proc. of 5th Annual IEEE Symposium on Logics in Computer Science},
  title     = {Model checking for real-times},
  address   = {Philadephia},
  year      = {1990}
}

@BOOK{Ostroff89,
  author    = {Ostroff, J.S.},
  title     = {Temporal Logic for real-time systems},
  publisher = {Wiley},
  address   = {London},
  year      = {1989}
}

@BOOK{Manna92,
  author    = {Manna, Z. and A. Pnueli.},
  title     = {The temporal Logic of reactive and concurrent systems},
  publisher = {Springer},
  address   = {Berlin},
  year      = {1992}
}

@BOOK{Petri62,
  author    = {Petri, Carl Adam},
  title     = {Kommunikation mit Automaten},
  series    = {Schriften des IIM Nr. 2},
  publisher = {Institut fur Instrumentelle Mathematik},
  address   = {Bonn},
  year      = {1962}
}


@INBOOK{Ostroff91,
  author    = {Ostroff, J.S.},
  title     = {Verification of safety-critical systems using TTM/RTTL},
  SERIES    = LNCS,
  volume    = {600},
  publisher = {Springer},
  address   = {Berlin},
  pages     = {573-602},
  year      = {1991}
}

@INPROCEEDINGS{PinHaJa98,
  author    = {L.E.Pinzon and H.-M. Hanisch and M.A.Jafari},
  booktitle = {Proc. of International workshop on Discrete Event Systems (WODES'98)},
  title     = {Sequential specifications modeling with temporal logic and Net/Condition Event Systems},
  address   = {Cagliari,Italy},
  year      = {1998},
  month     = aug
}

%%%%%%% VERIFICATION, VALIDATION ###################################################################

@ARTICLE{HaPa2000,
  author  = {H.-M.Hanisch and T.Pannier and D.Peter and S.Roch and P.Starke},
  title   = {Modeling and verification of a modular lever crossing controller design},
  journal = {Automatisierungstechnik},
  volume  = {48},
  year    = {2000}
}

@ARTICLE{Alur96,
  author  = {Alur, R. and T.A. Henzinger and P.H.. Ho.},
  title   = {Automatic symbolic verification of embedded systems},
  journal = {IEEE Trans Software Engineering},
  volume  = {22},
  pages   = {181-201},
  year    = {1996}
}

@ARTICLE{AyDe93,
  author  = {Aygalinc, P. and J.P.Denat},
  title   = {Validation of functional {Grafcet} models and performance evaluation of the associated systems using Petri Nets},
  journal = {Automatic Control Production Systems A.P.I.I.},
  volume  = {27},
  pages   = {81-93},
  year    = {1993}
}

@ARTICLE{Clarke86,
  author  = {Clarke, E. and  E.A. Emerson and A.P. Sista},
  title   = {Automatic verification of finite state concurrent systems using temporal logic},
  journal = {ACM Trans. on Programming Languages and Systems},
  number  = {8},
  pages   = {244-263},
  year    = {1986}
}

@ARTICLE{Loor97,
  author  = {De Loor and P. J.Zaytoon and G.Villerman-Lecolier},
  title   = {Abstraction and heuristics for the validation {Grafcet} controlled systems},
  journal = {European Journal of Automation},
  volume  = {31},
  pages   = {561-580},
  year    = {1997}
}

@INPROCEEDINGS{Reich96,
  author    = {J.E. Reich and B.H. Krogh and I.D. Baxter},
  booktitle = {13th IFAC World Congress.  Preprints},
  title     = {Symbolic Simulation-Based Techniques for Debugging Discrete Control Programs},
  volume    = {J},
  address   = {San Francisco, USA},
  pages     = {413--418},
  year      = {1996},
}


%%%%%%% 1499 ###################################################################

@PROCEEDINGS{ETFA99,
        ADDRESS            = {Barcelona, Spain},
        BOOKTITLE          = ProcETFA99,
        EDITOR             = {Josep~M. Fuertes},
        MONTH              = sep,
        TITLE              = ProcETFA99,
        YEAR               = {1999}
}

@INPROCEEDINGS{HaTh02,
  author    = {H.-M. Hanisch and J. Thieme},
  booktitle = {IEEE International Symposium on Industrial Electronics},
  title     = {Model-based Generation of Modular {PLC} Code Using {IEC} 61131 Function Blocks},
  address   = {L\'Aquila, Italy},
  year      = {2002},
  pages     = {199--204}
}

@INPROCEEDINGS{HaTh97,
  author    = {H.-M. Hanisch and J. Thieme and A. L{\"u}der},
  booktitle = {2nd HIMAC Workshop Karlsruhe},
  title     = {A Modular Modeling and Control Code Generation Concept for Manufacturing Systems},
  address   = {Torino, Italy},
  year      = {1997},
  pages     = {201--220}
}

@ARTICLE{HaLoLaTuVy05,
  author  = {H.-M. Hanisch and A. Lobov and J. L. Martinez Lastra and R. Tuokko and V. Vyatkin},
  title   = {Formal Validation of Intelligent Automated Production Systems towards Industrial Applications},
  journal = {International Journal of Manufacturing Technology and Management},
  volume  = {8},
  pages   = {},
  Number  = {1/2/3},
  year    = {2006}
}

@INPROCEEDINGS{VHETFA99,
 AUTHOR  = {V. Vyatkin and H.-M. Hanisch},
 PAGES   = {261--270},
 BOOKTITLE  = ProcETFA99,
 TITLE  = {A Modeling Approach for Verification of {IEC}1499 Function Blocks using Net Condition/Event Systems},
 YEAR   = {1999},
 ADDRESS = {Barcelona, Spain},
}

@ARTICLE{VHSRIEEE99,
  AUTHOR  = {V. Vyatkin and H.-M. Hanisch and P. Starke and S. Roch},
  JOURNAL = {IEEE Transaction on Man, Machine, and Cybernetics, Special Issue on Discrete Event Systems},
  TITLE   = {Systematic Modeling of Discrete Event Systems with Net Condition/Event Systems and its
             Application to Verification of {IEC}1499 Function Blocks},
  YEAR    = {submitted}
}

@ARTICLE{Esterel91,
  AUTHOR  = {F. Boussinot and R. de Simone},
  JOURNAL = {Proceedingds of the IEEE},
  TITLE   = {The \textsc{Esterel} language},
  VOLUME = {79},
  YEAR    = {1991},
  PAGES   = {1293--1304},
  Number = {9}
}

@TECHREPORT{DFGRep2000,
  author =       {V.Vyatkin and H.-M. Hanisch and P. Starke and S. Roch},
  title =        {Modelling and Verification of Execution Control of  the Function Blocks  following the standard {IEC} 1499 by means of Net Condition/Event Systems ({NCES})},
  institution =  {Uni-Magdeburg, IFAT},
  year =         {2000},
  address =      {Magdeburg},
  month =        {March},
  note  =        {http://www.et.uni-magdeburg.de/$\sim$vyatkin/refs/report.pdf},
}

@INPROCEEDINGS{VH001,
  author    = {V. Vyatkin and H.-M. Hanisch},
  booktitle = {XI Workshop on Supervising and Diagnostics of Machining Systems},
  title     = {Modeling of {IEC} 61499 function blocks as a clue to their verification},
  address   = {Karpacz, Poland},
  year      = {2000},
  month     = mar
}

@INPROCEEDINGS{VH002,
  author    = {V. Vyatkin and H.-M. Hanisch and P. Starke and S. Roch},
  booktitle = {Verteilte Automatisierung},
  title     = {Formalisms for the verification of discrete control applications on example of {IEC}1499 function blocks},
  address   = {Magdeburg, Germany},
  pages     = {72-79},
  year      = {2000},
  month     =  mar
}

@INPROCEEDINGS{VH003,
  author    = {V. Vyatkin and H.-M. Hanisch and P. Starke},
  booktitle = {CDC'2000},
  title     = {Further development of formalisms for modeling and verification of {IEC}61499 distributed control applications},
  address   = {Sydney, Australia},
  year      = {submitted},
  month     =  dec
}

@INPROCEEDINGS{VH004,
  author    = {V. Vyatkin and H.-M. Hanisch},
  booktitle = {39th conference of Society of Instrument and Control Engineers (SICE) of Japan},
  title     = {Development of adequate formalisms for verification of {IEC} 1499 distributed applications},
  address   = {Iizuka, Japan},
  year      = {2000},
  month     =  jul
}

@MISC{VEDA00,
  author =       {Vyatkin V. and Hanisch H.-M.},
  title =        {{VEDA} - a prototype tool for deep debugging of distributed applications},
  howpublished = {Information leaflet},
  month =        {June},
  year =         {2000},
  note =         {http://www.et.uni-magdeburg.de/$\sim$vyatkin/refs/veda.pdf}
}

@INPROCEEDINGS{VH005,
  author    = {V. Vyatkin and H.-M. Hanisch},
  booktitle = {Workshop on Concurrency, Specification and Programming' 2000},
  title     = {Practice of modeling and verification of distributed controllers using Signal-Net Systems},
  address   = {Berlin, Germany},
  year      = {2000},
  month     =  oct
}
