@INPROCEEDINGS{hametner2014,
  author={Hametner, Reinhard and Hegny, Ingo and Zoitl, Alois},
  booktitle={Proc. 2014 IEEE Emerging Technology and Factory Automation (ETFA)}, 
  title={A unit-test framework for event-driven control components modeled in {IEC} 61499}, 
  year={2014},
  volume={},
  number={},
  doi={10.1109/ETFA.2014.7005209      }}

  @book{softwareTesting,
  title={The art of software testing},
  author={Myers, Glenford J and Sandler, Corey and Badgett, Tom},
  year={2011},
  publisher={John Wiley \& Sons}
}
@INPROCEEDINGS{oberlehner.2022,
  author={Oberlehner, Michael and Ashiwal, Virendra and Zoitl, Alois and Christensen, James H.},
  booktitle={2022 IEEE 20th International Conference on Industrial Informatics (INDIN)}, 
  title={Using Modules to Manage the Content of IEC 61499 Type Libraries}, 
  year={2022},
  volume={},
  number={},
  pages={286-292},
  keywords={Runtime;Libraries;IEC Standards;Informatics;IEC 61499;Module;Reusability;Library Management;Function Block},
  doi={10.1109/INDIN51773.2022.9976150}}
@article{Wiesmayr_ifac,
title = {A Tool-Assisted Approach for User-Friendly Definition of FB Constraints},
journal = {IFAC-PapersOnLine},
volume = {56},
number = {2},
pages = {3666-3672},
year = {2023},
note = {22nd IFAC World Congress},
issn = {2405-8963},
doi = {https://doi.org/10.1016/j.ifacol.2023.10.1531},
url = {https://www.sciencedirect.com/science/article/pii/S2405896323019390},
author = {Bianca Wiesmayr and Felix Roithmayr and Alois Zoitl},
keywords = {Model driven engineering of control systems, Programmable logic controllers, Industry 4.0},
abstract = {Model-based software engineering is a promising approach for controlling complex automation systems. Automation engineers, unfortunately, do not routinely model the expected behavior, especially if they are not trained in software engineering. They rather focus only on the implementation. In this paper, we analyze potential causes for the low adoption of service sequences within IEC 61499, which define behavioral constraints for building blocks of control applications. We propose a methodology for mining constraints of software components, which are then classified by an engineer. Furthermore, we suggest extending the language to allow for forbidden and mandatory scenarios. Our approach facilitates the constraint definition for legacy software, where the effort of manual specification is extremely high. Tool support for all described extensions and modeling techniques is provided as part of the open source IDE Eclipse 4diac to facilitate applying the approach in practice.}
}
@article{misperceptions,
    author = {Thramboulidis, Kleanthis},
    title = {{IEC 61499 vs. 61131}: A Comparison Based on Misperceptions},
    journal = {Journal of Software Engineering and Applications},
    issue = 6,
    year = 2013,
    pages ={405-415}
}
@ARTICLE{plcopenpaper,
  author={Marcos, Marga and Estevez, Elisabet and Perez, Federico and Der Wal, Eelco Van},
  journal={IEEE Industrial Electronics Magazine}, 
  title={XML exchange of control programs}, 
  year={2009},
  volume={3},
  number={4},
  pages={32-35},
  keywords={XML;IEC standards;Programmable control;Computer languages;Control systems;Electrical equipment industry;Industrial control;Software standards;Process control;Cost function},
  doi={10.1109/MIE.2009.934794}}
@article{christensen.2012,
  title={The {IEC} 61499 function block standard: Software tools and runtime platforms},
  author={Christensen, James H and Strasser, Thomas and Valentini, Antonio and Vyatkin, VALERIY and Zoitl, ALOIS and Chouinard, J and Mayer, H and Kopitar, A},
  journal={ISA Automation Week},
  year={2012}
}
@ARTICLE{Sehr.2021,
  author={Sehr, Martin A. and Lohstroh, Marten and Weber, Matthew and Ugalde, Ines and Witte, Martin and Neidig, Joerg and Hoeme, Stephan and Niknami, Mehrdad and Lee, Edward A.},
  journal={IEEE Transactions on Industrial Informatics}, 
  title={Programmable Logic Controllers in the Context of Industry 4.0}, 
  year={2021},
  volume={17},
  number={5},
  pages={3523-3533},
  keywords={Automation;Programming;IEC Standards;Industries;Software;Reliability;Informatics;Automation;computer integrated manufacturing;embedded software;manufacturing automation;real-time systems},
  doi={10.1109/TII.2020.3007764}}

@INPROCEEDINGS{Hopsu.2019,
  author={Hopsu, Alexander and Atmojo, Udayanto Dwi and Vyatkin, Valeriy},
  booktitle={2019 IEEE 28th International Symposium on Industrial Electronics (ISIE)}, 
  title={On Portability of IEC 61499 Compliant Structures and Systems}, 
  year={2019},
  volume={},
  number={},
  pages={1306-1311},
  keywords={IEC Standards;Tools;Software tools;Libraries;XML;IEC 61499 standard;portability;compliant tool;converter program;NxtStudio;FBDK;4DIAC},
  doi={10.1109/ISIE.2019.8781290}}

@INPROCEEDINGS{Lyu.2019,
  author={Lyu, Guolin and Brennan, Robert W.},
  booktitle={2019 IEEE 17th International Conference on Industrial Informatics (INDIN)}, 
  title={Towards IEC 61499 Based Distributed Intelligent Automation: Design and Computing Perspectives}, 
  year={2019},
  volume={1},
  number={},
  pages={160-163},
  keywords={cyber-physical systems;distributed intelligent automation;function blocks;IEC 61499;industrial computing},
  doi={10.1109/INDIN41052.2019.8972153}}

@ARTICLE{Sinha.2019,
  author={Sinha, Roopak and Patil, Sandeep and Gomes, Luis and Vyatkin, Valeriy},
  journal={IEEE Trans. on Ind. Inf.}, 
  title={A Survey of Static Formal Methods for Building Dependable Industrial Automation Systems}, 
  year={2019},
  volume={15},
  number={7},
  pages={3772-3783},
  keywords={Automation;Safety;Requirements engineering;IEC Standards;Informatics;Reliability;Software;Formal methods;formal verification;IEC 61131;IEC 61499;industrial automation systems (IAS);industrial control},
  doi={10.1109/TII.2019.2908665}}
@ARTICLE{Lyu.2021,
  author={Lyu, Guolin and Brennan, Robert William},
  journal={IEEE Transactions on Industrial Informatics}, 
  title={Towards IEC 61499-Based Distributed Intelligent Automation: A Literature Review}, 
  year={2021},
  volume={17},
  number={4},
  pages={2295-2306},
  keywords={IEC Standards;Automation;Industries;Informatics;Bibliographies;Computer architecture;Cyber-physical systems (CPS);distributed intelligent automation;IEC 61499 function blocks (FBs);industrial computing},
  doi={10.1109/TII.2020.3016990}}

@INPROCEEDINGS{Wiesmayr.2023,
  author={Wiesmayr, Bianca and Mehlhop, Sven and Zoitl, Alois},
  booktitle={2023 IEEE 19th International Conference on Automation Science and Engineering (CASE)}, 
  title={Close Enough? Criteria for Sufficient Simulations of IEC 61499 Models}, 
  year={2023},
  volume={},
  number={},
  pages={1-7},
  keywords={Analytical models;Systematics;Computer aided software engineering;Automation;Semantics;Decentralized control;Behavioral sciences},
  doi={10.1109/CASE56687.2023.10260555}}

@ARTICLE{cengic_executionsemantics,
  author={Cengic, Goran and Akesson, Knut},
  journal={IEEE Transactions on Industrial Informatics}, 
  title={On Formal Analysis of IEC 61499 Applications, Part B: Execution Semantics}, 
  year={2010},
  volume={6},
  number={2},
  pages={145-154},
  keywords={IEC standards;Mathematical model;Formal verification;Measurement standards;Standards development;Distributed control;Runtime environment;Software tools;Application software;Production facilities;Manufacturing automation software;modeling;software verification and validation},
  doi={10.1109/TII.2010.2040393}}

@misc{aimirimi,
    author={Lydon, Bill},
    title={An Open-Source Control Programming Platform for Universalautomation.org Runtime Engine},
    year={2024},
    url={https://www.automation.com/en-us/articles/october-2024/open-source-control-programming-platform-universal},
    note={Online}
    }

@INPROCEEDINGS{pfefferkorn,
  author={Pfefferkorn, Christian and Mehlhop, Sven and Rauh, Andreas and Walter, Joerg},
  booktitle={MBMV 2024; 27. Workshop}, 
  title={Towards a Methodology for Evaluating the Execution Semantics of IEC 61499 Runtime Environments}, 
  year={2024},
  volume={},
  number={},
  pages={175-181},
  keywords={},
  doi={}}

@INPROCEEDINGS{Bruns.2023,
  author={Bruns, Friederike and Wiesmayr, Bianca and Zoitl, Alois},
  booktitle={2023 IEEE 19th International Conference on Automation Science and Engineering (CASE)}, 
  title={Supporting Model-Based Network Specification for Time-Critical Distributed Control Systems in IEC 61499}, 
  year={2023},
  volume={},
  number={},
  pages={1-7},
  keywords={Adaptation models;Protocols;Computer aided software engineering;Automation;Decentralized control;Software;Time factors},
  doi={10.1109/CASE56687.2023.10260604}}

@INPROCEEDINGS{biancaMidhunETFAwip,
  author={Wiesmayr, Bianca and Xavier, Midhun and Patil, Sandeep and Zoitl, Alois and Vyatkin, Valeriy},
  booktitle={2023 IEEE 28th International Conference on Emerging Technologies and Factory Automation (ETFA)}, 
  title={Generating Por table Test Cases for IEC 61499 FBs from Interface Behaviour Specifications}, 
  year={2023},
  volume={},
  number={},
  pages={1-4},
  keywords={Visualization;Semantics;Cyber-physical systems;Software;IEC Standards;Manufacturing automation;Testing;Model-Based Testing;IEC 61499;Function Blocks;Service Sequences;Portability},
  doi={10.1109/ETFA54631.2023.10275633}}

@INPROCEEDINGS{wiesmayr2021,

  author={Wiesmayr, Bianca and Zoitl, Alois and Garmendia, Antonio and Wimmer, Manuel},

  booktitle={26th IEEE Int. Conf. Emerging Technologies and Factory Automation (ETFA)}, 

  title={A Model-based Execution Framework for Interpreting Control Software}, 

  year={2021},

  volume={},

  number={},

  doi={10.1109/ETFA45728.2021.9613716   }}


@INPROCEEDINGS{Testing_Midhun,

  author={Xavier, Midhun and Liakh, Tatiana and  Patil, Sandeep and Vyatkin, Valeriy},

  booktitle={2023 IEEE 32nd Int. Symp. on Industrial Electronics (ISIE)}, 

  title={Developing a Test Suite for Evaluating {IEC} 61499 Application Portability}, 

  pubstate={Accepted},

  year={2023}}
  
@INPROCEEDINGS{cheng_pang_portability,

  author={Pang, Cheng and Patil, Sandeep and Yang, Chen-Wei and Vyatkin, Valeriy and Shalyto, Anatoly},

  booktitle={2014 12th IEEE International Conference on Industrial Informatics (INDIN)}, 

  title={A portability study of IEC 61499: Semantics and tools}, 

  year={2014},

  volume={},

  number={},

  pages={440-445},

  doi={10.1109/INDIN.2014.6945553}}

@misc{eclipse4diac,
 author = {{Eclipse 4diac}},
 year = {2020},
 title = {{Eclipse 4diac - The Open Source Environment for Distributed Industrial Automation and Control Systems}},
 url  = {www.eclipse.dev/4diac},
 note= {{Accessed: June 15, 2023}},
 keywords = {Tool}
}

@ARTICLE{Thramboulidis.2009,
  author={Thramboulidis, Kleanthis},
  journal={IEEE Industrial Electronics Magazine}, 
  title={Different perspectives [Face to Face; "IEC 61499 function block model: Facts and fallacies" ]}, 
  year={2009},
  volume={3},
  number={4},
  pages={7-26},
  doi={10.1109/MIE.2009.934788}}
@article{BONCI2021656,
title = {{IEC} 61499 Device Management Model through the lenses of RMAS},
journal = {Procedia Computer Science},
volume = {180},
pages = {656-665},
year = {2021},
note = {Proceedings of the 2nd International Conference on Industry 4.0 and Smart Manufacturing (ISM 2020)},
issn = {1877-0509},
doi = {https://doi.org/10.1016/j.procs.2021.01.288},
url = {https://www.sciencedirect.com/science/article/pii/S1877050921003379},
author = {Andrea Bonci and Sauro Longhi and Massimiliano Pirani},
keywords = {multi-agent systems, relational model, IEC 61499, autonomic computing, explainable AI},
abstract = {The RMAS (relational-model multi-agent system) architecture has been proven promising towards the introduction of autonomic intelligence for industrial agents, and suitable for the enforcement of some parts of the reference model in the IEC 61499 standard, for distributed adaptive automation and control systems, namely the Resource model and the Function Block model. In this paper, the analysis is extended to the Device Management model. The RMAS is overlaid on the structures of this model in order to demonstrate that it can constitute factual and promising means for the expression of essential self-* capabilities of autonomic industrial agents. The analysis here conducted covers also some aspects of the XAI (explainable artificial intelligence), due to their relevance in industrial context. RMAS results a fundamental step for the factual introduction of AI in industrial playground, as a technology framework for the explainability, controllability, and quality of the intelligent automation solutions for industry.}
}
@inproceedings{faqrizal_guidedevolution,
  TITLE = {{Guided Evolution of IEC 61499 Applications}},
  AUTHOR = {Faqrizal, Irman and Sala{\"u}n, Gwen and Falcone, Yli{\`e}s},
  URL = {https://inria.hal.science/hal-04680109},
  BOOKTITLE = {{ETFA 2024 - 29th IEEE International Conference on Emerging Technologies and Factory Automation}},
  ADDRESS = {Padova, Italy},
  ORGANIZATION = {{IEEE}},
  PUBLISHER = {{IEEE}},
  PAGES = {1-8},
  YEAR = {2024},
  MONTH = Sep,
  KEYWORDS = {Industrial automation systems ; IEC 61499 ; software evolution},
  PDF = {https://inria.hal.science/hal-04680109v1/file/final-pdfexpress.pdf},
  HAL_ID = {hal-04680109},
  HAL_VERSION = {v1},
}

@INPROCEEDINGS{sven_closeenough2,
  author={Pfefferkorn, Christian and Mehlhop, Sven and Rauh, Andreas and Walter, Joerg},
  booktitle={MBMV 2024; 27. Workshop}, 
  title={Towards a Methodology for Evaluating the Execution Semantics of IEC 61499 Runtime Environments}, 
  year={2024},
  volume={},
  number={},
  pages={175-181},
  keywords={},
  doi={}}
@INPROCEEDINGS{Patil.2018,
  author={Patil, Sandeep and Drozdov, Dmitrii and Vyatkin, Valeriy},
  booktitle={2018 IEEE 16th International Conference on Industrial Informatics (INDIN)}, 
  title={Adapting Software Design Patterns To Develop Reusable IEC 61499 Function Block Applications}, 
  year={2018},
  volume={},
  number={},
  pages={725-732},
  keywords={IEC Standards;Software engineering;Software;Hardware;Libraries;Semantics;Design Patterns;IEC 61499;Model-driven Design;Refactoring},
  doi={10.1109/INDIN.2018.8472071}}

@misc{61499,
 year = {2012},
 title = {\uppercase{IEC} 61499-1/Ed. 2: Function Blocks - Part 1: Architecture},
 author = {{IEC International Electrotechnical Commission}}
}

@misc{61499.2,
 year = {2012},
 title = {\uppercase{IEC} 61499-2/Ed. 2: Function Blocks - Part 2: Software tool requirements},
 author = {{IEC International Electrotechnical Commission}}
}

  @misc{61131.3,
 year = {2013},
 title = {IEC 61131-3: Programming languages},
 author = {{IEC International Electrotechnical Commission}}
}

  @misc{61131.10,
 year = {2019},
 title = {\uppercase{IEC} 61131-10: PLC open XML exchange format},
 author = {{IEC International Electrotechnical Commission}}
}


@INPROCEEDINGS{Hussain.2006,

  author={Hussain, Tanvir and Frey, Georg},

  booktitle={2006 IEEE Conference on Emerging Technologies and Factory Automation}, 

  title={{UML}-based Development Process for IEC 61499 with Automatic Test-case Generation}, 

  year={2006},

  volume={},

  number={},

  pages={1277-1284},

  doi={10.1109/ETFA.2006.355407}}

@INPROCEEDINGS{Buzhinsky.2015,

  author={Buzhinsky, Igor and Ulyantsev, Vladimir and Veijalainen, Jari and Vyatkin, Valeriy},

  booktitle={2015 IEEE 13th Int. Conf. on Industrial Informatics (INDIN)}, 

  title={Evolutionary approach to coverage testing of {IEC} 61499 function block applications}, 

  year={2015},

  volume={},

  number={},


  doi={10.1109/INDIN.2015.7281908}}

@article{lyu2020towards,
  title={Towards IEC 61499-based distributed intelligent automation: A literature review},
  author={Lyu, Guolin and Brennan, Robert William},
  journal={IEEE Transactions on Industrial Informatics},
  volume={17},
  number={4},
  pages={2295--2306},
  year={2020},
  publisher={IEEE}
}

@inproceedings{bencherki2024iec,
  title={IEC 61499: A Key Enabler for Distributed Automation in Industry 4.0},
  author={Bencherki, Zakaria and Benfriha, Khaled and Meyrueis, Vincent and Cachot, Laurent and Soares, Philippe},
  booktitle={2024 International Conference on Electrical, Computer and Energy Technologies (ICECET},
  pages={1--6},
  year={2024},
  organization={IEEE}
}

@article{mazzolini2017structured,
  title={Structured approach to the design of automation systems through IEC 61499 standard},
  author={Mazzolini, Mauro and Cavadini, Franco A and Montalbano, Giuseppe and Forni, Andrea},
  journal={Procedia Manufacturing},
  volume={11},
  pages={905--913},
  year={2017},
  publisher={Elsevier}
}

@article{xavier2024framework,
  title={A framework for the generation of monitor and plant model from event logs using process mining for formal verification of event-driven systems},
  author={Xavier, Midhun and Dubinin, Victor and Patil, Sandeep and Vyatkin, Valeriy},
  journal={IEEE Open Journal of the Industrial Electronics Society},
  year={2024},
  publisher={IEEE}
}

@article{jhunjhunwala2024interoperability,
  title={Interoperability in Software-Defined Process Automation Using the Open Process Automation Standard and IEC 61499: Adapter Connections of IEC 61499 and OPAS Enable Plug-and-Play Integration},
  author={Jhunjhunwala, Pranay and Bitar, S Stephen and Zhukovskii, Kirill and Atomojo, Udayanto Dwi and Vyatkin, Valeriy},
  journal={IEEE Industrial Electronics Magazine},
  year={2024},
  publisher={IEEE}
}

@inproceedings{hopsu2019portability,
  title={On portability of IEC 61499 compliant structures and systems},
  author={Hopsu, Alexander and Atmojo, Udayanto Dwi and Vyatkin, Valeriy},
  booktitle={2019 IEEE 28th International Symposium on Industrial Electronics (ISIE)},
  pages={1306--1311},
  year={2019},
  organization={IEEE}
}

@article{batchkova2013dynamic,
  title={Dynamic reconfigurability of control systems using IEC 61499 standard},
  author={Batchkova, Idilia and Popov, Georgi and Karamishev, Hristo and Stambolov, Grigor},
  journal={IFAC Proceedings Volumes},
  volume={46},
  number={8},
  pages={256--261},
  year={2013},
  publisher={Elsevier}
}

@inproceedings{xavier2024enhancing,
  title={Enhancing Traceability in Flexible Production System: A Blockchain-Powered Approach in IEC 61499 Multi-Agent Control System},
  author={Xavier, Midhun and Patil, Sandeep and Vyatkin, Valeriy},
  booktitle={2024 IEEE 33rd International Symposium on Industrial Electronics (ISIE)},
  pages={1--6},
  year={2024},
  organization={IEEE}
}

@article{lyu2023multi,
  title={Multi-agent modelling of cyber-physical systems for IEC 61499-based distributed intelligent automation},
  author={Lyu, Guolin and Brennan, Robert W},
  journal={International Journal of Computer Integrated Manufacturing},
  pages={1--27},
  year={2023},
  publisher={Taylor \& Francis}
}


@article{xavier2024framework,
  title={A framework for the generation of monitor and plant model from event logs using process mining for formal verification of event-driven systems},
  author={Xavier, Midhun and Dubinin, Victor and Patil, Sandeep and Vyatkin, Valeriy},
  journal={IEEE Open Journal of the Industrial Electronics Society},
  year={2024},
  publisher={IEEE}
}

@inproceedings{xavier2021plant,
  title={Plant model generator from digital twin for purpose of formal verification},
  author={Xavier, Midhun and H{\aa}kansson, Johannes and Patil, Sandeep and Vyatkin, Valeriy},
  booktitle={2021 26th IEEE International Conference on Emerging Technologies and Factory Automation (ETFA)},
  pages={1--4},
  year={2021},
  organization={IEEE}
}
@article{lilli2023formal,
  title={Formal Verification of the Control Software of a Radioactive Material Remote Handling System, Based on IEC 61499},
  author={Lilli, Giordano and Xavier, Midhun and Le Priol, Etienne and Perret, Vincent and Liakh, Tatiana and Oboe, Roberto and Vyatkin, Valeriy},
  journal={IEEE Open Journal of the Industrial Electronics Society},
  year={2023},
  publisher={IEEE}
}
@inproceedings{ovsiannikova2023formal,
  title={Formal verification of observers supervising a cyber-physical system implemented using IEC 61499},
  author={Ovsiannikova, Polina and Le Priol, Etienne and Perret, Vincent and Jhunjhunwala, Pranay and Xavier, Midhun and Vyatkin, Valeriy},
  booktitle={2023 IEEE 32nd International Symposium on Industrial Electronics (ISIE)},
  pages={1--6},
  year={2023},
  organization={IEEE}
}

@inproceedings{xavier2023formal,
  title={Formal modelling, analysis, and synthesis of modular industrial systems inspired by Net condition/event systems},
  author={Xavier, Midhun and Patil, Sandeep and Dubinin, Victor and Vyatkin, Valeriy},
  booktitle={International Conference on Applications and Theory of Petri Nets and Concurrency},
  pages={16--33},
  year={2023},
  organization={Springer}
}