@INPROCEEDINGS{hametner2014,
  author={Hametner, Reinhard and Hegny, Ingo and Zoitl, Alois},
  booktitle={Proc. 2014 IEEE Emerging Technology and Factory Automation (ETFA)}, 
  title={A unit-test framework for event-driven control components modeled in {IEC} 61499}, 
  year={2014},
  volume={},
  number={},
  doi={10.1109/ETFA.2014.7005209      }}

  @book{softwareTesting,
  title={The art of software testing},
  author={Myers, Glenford J and Sandler, Corey and Badgett, Tom},
  year={2011},
  publisher={John Wiley \& Sons}
}

@INPROCEEDINGS{BiancaMidhunETFAwip,
  author={Wiesmayr, Bianca and Xavier, Midhun and Patil, Sandeep and Zoitl, Alois and Vyatkin, Valeriy},
  booktitle={2023 IEEE 28th International Conference on Emerging Technologies and Factory Automation (ETFA)}, 
  title={Generating Portable Test Cases for IEC 61499 FBs from Interface Behaviour Specifications}, 
  year={2023},
  volume={},
  number={},
  pages={1-4},
  keywords={Visualization;Semantics;Cyber-physical systems;Software;IEC Standards;Manufacturing automation;Testing;Model-Based Testing;IEC 61499;Function Blocks;Service Sequences;Portability},
  doi={10.1109/ETFA54631.2023.10275633}}



@misc{eclipse4diac,
 author = {{Eclipse 4diac}},
 year = {2020},
 title = {{Eclipse 4diac - The Open Source Environment for Distributed Industrial Automation and Control Systems}},
 url  = {www.eclipse.dev/4diac},
 note= {{Accessed: June 15, 2023}},
 keywords = {Tool}
}

@ARTICLE{Thramboulidis.2009,
  author={Thramboulidis, Kleanthis},
  journal={IEEE Industrial Electronics Magazine}, 
  title={Different perspectives [Face to Face; "IEC 61499 function block model: Facts and fallacies" ]}, 
  year={2009},
  volume={3},
  number={4},
  pages={7-26},
  doi={10.1109/MIE.2009.934788}}

@misc{61499,
 year = {2012},
 title = {\uppercase{IEC} 61499-1/Ed. 2: Function Blocks - Part 1: Architecture},
 author = {{IEC International Electrotechnical Commission}}
}

@ARTICLE{Sinha.2019,
  author={Sinha, Roopak and Patil, Sandeep and Gomes, Luis and Vyatkin, Valeriy},
  journal={IEEE Trans. on Industrial Informatics}, 
  title={A Survey of Static Formal Methods for Building Dependable Industrial Automation Systems}, 
  year={2019},
  volume={15},
  number={7},
 pages={3772-3783},
  doi={10.1109/TII.2019.2908665}}

@INPROCEEDINGS{Hussain.2006,

  author={Hussain, Tanvir and Frey, Georg},

  booktitle={2006 IEEE Conference on Emerging Technologies and Factory Automation}, 

  title={{UML}-based Development Process for IEC 61499 with Automatic Test-case Generation}, 

  year={2006},

  volume={},

  number={},

  pages={1277-1284},

  doi={10.1109/ETFA.2006.355407}}

@INPROCEEDINGS{Buzhinsky.2015,

  author={Buzhinsky, Igor and Ulyantsev, Vladimir and Veijalainen, Jari and Vyatkin, Valeriy},

  booktitle={2015 IEEE 13th Int. Conf. on Industrial Informatics (INDIN)}, 

  title={Evolutionary approach to coverage testing of {IEC} 61499 function block applications}, 

  year={2015},

  volume={},

  number={},


  doi={10.1109/INDIN.2015.7281908}}