@article{van2004workflow,
  title={Workflow mining: Discovering process models from event logs},
  author={Van der Aalst, Wil and Weijters, Ton and Maruster, Laura},
  journal={IEEE transactions on knowledge and data engineering},
  volume={16},
  number={9},
  pages={1128--1142},
  year={2004},
  publisher={IEEE}
}

@inproceedings{van2005prom,
  title={The ProM framework: A new era in process mining tool support},
  author={Van Dongen, Boudewijn F and de Medeiros, Ana Karla A and Verbeek, HMW and Weijters, AJMM and van Der Aalst, Wil MP},
  booktitle={International conference on application and theory of petri nets},
  pages={444--454},
  year={2005},
  organization={Springer}
}

@article{gunther2012disco,
  title={Disco: Discover Your Processes.},
  author={G{\"u}nther, Christian W and Rozinat, Anne},
  journal={BPM (Demos)},
  volume={940},
  number={1},
  pages={40--44},
  year={2012},
  publisher={Citeseer}
}

@inproceedings{xavier2021cyber,
  title={Cyber-physical automation systems modelling with IEC 61499 for their formal verification},
  author={Xavier, Midhun and Patil, Sandeep and Vyatkin, Valeriy},
  booktitle={2021 IEEE 19th International Conference on Industrial Informatics (INDIN)},
  pages={1--6},
  year={2021},
  organization={IEEE}
}

@inproceedings{xavier2021plant,
  title={Plant Model Generator from Digital Twin for Purpose of Formal Verification},
  author={Xavier, Midhun and H{\aa}kansson, Johannes and Patil, Sandeep and Vyatkin, Valeriy},
  booktitle={2021 26th IEEE International Conference on Emerging Technologies and Factory Automation (ETFA)},
  pages={1--4},
  year={2021},
  organization={IEEE}
}

@mastersthesis{paper1,
  title={Data and Process Mining Applications on a Multi-Cell Factory Automation Testbed},
  author={Khajehzadeh, Navid},
  year={2012}
}



@article{paper2,
  title={Anomaly detection for industrial control systems using process mining},
  author={Myers, David and Suriadi, Suriadi and Radke, Kenneth and Foo, Ernest},
  journal={Computers \& Security},
  volume={78},
  pages={103--125},
  year={2018},
  publisher={Elsevier}
}

@inproceedings{paper3,
  title={Process mining in production systems},
  author={Abonyi, Janos and Dorgo, Gyula},
  booktitle={2019 IEEE 23rd International Conference on Intelligent Engineering Systems (INES)},
  pages={000267--000270},
  year={2019},
  organization={IEEE}
}

@article{berthomieu2004tool,
  title={The tool TINA--construction of abstract state spaces for Petri nets and time Petri nets},
  author={Berthomieu*, Bernard and Ribet, P-O and Vernadat, Fran{\c{c}}ois},
  journal={International journal of production research},
  volume={42},
  number={14},
  pages={2741--2756},
  year={2004},
  publisher={Taylor \& Francis}
}

@Misc{iec61499part12012,
  title     = {{IEC 61499-1: Function Blocks Part 1: Architecture}},
  year      = {2012},
  edition   = {2},
  publisher = {International Electrotechnical Commission, Geneva, Switzerland},
}

@book{lee2017introduction,
  title={Introduction to embedded systems: A cyber-physical systems approach},
  author={Lee, Edward Ashford and Seshia, Sanjit A},
  year={2017},
  publisher={{MIT} Press}
}

@InProceedings{10.1007/BFb0101003,
author="Agrawal, Rakesh
and Gunopulos, Dimitrios
and Leymann, Frank",
editor="Schek, Hans-J{\"o}rg
and Alonso, Gustavo
and Saltor, Felix
and Ramos, Isidro",
title="Mining process models from workflow logs",
booktitle="Advances in Database Technology --- EDBT'98",
year="1998",
publisher="Springer Berlin Heidelberg",
address="Berlin, Heidelberg",
pages="467--483",
abstract="Modern enterprises increasingly use the workflow paradigm to prescribe how business processes should be performed. Processes are typically modeled as annotated activity graphs. We present an approach for a system that constructs process models from logs of past, unstructured executions of the given process. The graph so produced conforms to the dependencies and past executions present in the log. By providing models that capture the previous executions of the process, this technique allows easier introduction of a workflow system and evaluation and evolution of existing process models. We also present results from applying the algorithm to synthetic data sets as well as process logs obtained from an IBM Flowmark installation.",
isbn="978-3-540-69709-1"
}



@article{cook1998discovering,
  title={Discovering models of software processes from event-based data},
  author={Cook, Jonathan E and Wolf, Alexander L},
  journal={ACM Transactions on Software Engineering and Methodology (TOSEM)},
  volume={7},
  number={3},
  pages={215--249},
  year={1998},
  publisher={ACM New York, NY, USA}
}

@inproceedings{agrawal1998mining,
  title={Mining process models from workflow logs},
  author={Agrawal, Rakesh and Gunopulos, Dimitrios and Leymann, Frank},
  booktitle={International Conference on Extending Database Technology},
  pages={467--483},
  year={1998},
  organization={Springer}
}

@article{cook1998event,
  title={Event-based detection of concurrency},
  author={Cook, Jonathan E and Wolf, Alexander L},
  journal={ACM SIGSOFT Software Engineering Notes},
  volume={23},
  number={6},
  pages={35--45},
  year={1998},
  publisher={ACM New York, NY, USA}
}

@misc{GraphMLSpec,
  title = {GraphML },
  howpublished = {\url{http://graphml.graphdrawing.org/specification/dtd.html}}
}

@misc{ProM,
  title = {ProM},
  howpublished = {\url{https://www.promtools.org/}}
}

@misc{visualcomponent,
  title = {Visual Components},
  howpublished = {\url{https://www.visualcomponents.com/}}
}

@article{petri1962,
  title={Kommunikation mit automaten},
  author={Petri, Carl Adam},
  year={1962}
}

  @article{van2012process1,
  title={Process mining: Overview and opportunities},
  author={Van Der Aalst, Wil},
  journal={ACM Transactions on Management Information Systems (TMIS)},
  volume={3},
  number={2},
  pages={1--17},
  year={2012},
  publisher={ACM New York, NY, USA}
}

@incollection{van2013discovering,
  title={Discovering petri nets from event logs},
  author={Van Der Aalst, Wil MP and Dongen, Boudewijn F van},
  booktitle={Transactions on Petri nets and other models of concurrency vii},
  pages={372--422},
  year={2013},
  publisher={Springer}
}

@inproceedings{bastian2009gephi,
  title={Gephi: an open source software for exploring and manipulating networks},
  author={Bastian, Mathieu and Heymann, Sebastien and Jacomy, Mathieu},
  booktitle={Proceedings of the international AAAI conference on web and social media},
  volume={3},
  number={1},
  pages={361--362},
  year={2009}
}

@incollection{wiese2004yfiles,
  title={yfilesâ€”visualization and automatic layout of graphs},
  author={Wiese, Roland and Eiglsperger, Markus and Kaufmann, Michael},
  booktitle={Graph Drawing Software},
  pages={173--191},
  year={2004},
  publisher={Springer}
}

@misc{yworks,
  title = {yworks},
  howpublished = {\url{https://www.yworks.com/}}
}